2978 4800
197 253 336 311 70·

149 447 237 520 χμαῖς
270 437 402 518 εἰσῆλθεν
434 437 472 508 εἰς
498 430 533 500 τὸ
558 432 716 518 στρατόπε-

153 546 210 615 δον,

195 643 320 700 47-51
345 637 394 702 καὶ
409 635 444 702 τὸ
460 639 511 720 μὲν
525 641 638 721 πλῆθος
653 635 718 719 iuri·

152 767 239 817 recor,
273 737 312 813 ὡς
342 737 414 823 πρὸς
437 737 526 805 αὐτὸν
548 737 645 805 εὕνουν
668 739 716 804 καλ

152 839 311 925 πρόθυμον,
345 839 456 925 ὀλίγους
490 844 523 905 δέ
551 869 632 914 τινας
664 841 716 908 οὐκ

151 946 194 1008 ἐπ’
219 942 327 1026 ἀγαθῷ
350 941 446 1026 φήσας
467 940 645 1026 ὑποικουρεῖν
659 952 733 1010 δια·

151 1045 315 1130 βάλλοντας
348 1044 439 1111 αὐτοῦ
468 1042 518 1129 τὴν
545 1044 717 1130 μετριότητα

151 1146 200 1212 uui
223 1145 273 1231 cip
295 1150 408 1212 ἐκείνων
430 1144 609 1213 εὐστάθειαν

191 2070 269 2156 η’ξιόυ
296 2084 521 2155 συναγανακτεῖν
546 2071 594 2136 καὶ
618 2099 716 2156 συγκο-

149 2171 255 2249 λάζειν.
338 2256 345 2268 .

194 2383 320 2439 51-53
352 2375 564 2443 'Eucrtroirrair
593 2379 622 2444 ti
644 2377 715 2445 πάν·

149 2507 208 2543 των
244 2477 293 2544 καλ
329 2477 502 2545 κελευόντων
529 2479 579 2547 δύο
612 2480 716 2564 μόνους

149 2579 337 2667 παραλαβών,
349 2583 391 2656 οἷς
403 2581 494 2656 οὐδεὶς
505 2586 617 2667 ἔμελλεν
629 2585 715 2670 ἄχθε-

149 2693 223 2748 σθαι
246 2691 440 2762 κολασθεῖσιν,
464 2685 623 2771 ἀπηλλάγη.

768 439 910 496 militibus
929 446 1167 498 nurncrureutur:
1184 446 1245 498 turn
1262 439 1328 498 Ollio

767 540 881 615 iuprecli
901 547 994 598 costra
1016 560 1116 599 ousus.

811 642 869 701 Cir.
897 644 997 716 oratio,
1020 662 1096 720 quae
1118 652 1166 702 est
1182 645 1263 720 apud
1279 644 1329 702 Ta·

768 744 859 802 citum
882 746 897 804 Ι
921 749 960 805 83
984 764 1029 822 sq.
1071 745 1119 805 Sic
1141 746 1262 822 incipit:
1287 765 1331 804 ue·

769 865 822 921 que
843 853 875 903 ut
890 847 1018 921 adfectus
1033 853 1139 905 costros
1152 848 1187 905 iu
1204 867 1330 907 ornorenr

771 949 827 1005 urei
848 950 1032 1021 accenderem,
1049 950 1271 1021 corurnititoues,
1286 970 1332 1009 uo-

769 1067 823 1123 que
853 1054 885 1106 ut
917 1051 1052 1109 urrimuru
1076 1052 1114 1110 cel
1134 1053 1269 1110 rn'rtretern
1291 1072 1333 1111 co·

769 1151 897 1209 lrortorcr
944 1153 1075 1230 (utroque
1111 1155 1191 1212 cuiue
1229 1156 1334 1230 eprepr'e

769 1258 948 1329 supersunt),
978 1255 1027 1312 sed
1047 1255 1112 1312 uerri
1129 1256 1334 1330 postulaturus

769 1374 785 1413 o
819 1357 897 1414 cobis
934 1363 1191 1432 ternpuurucuturn
1229 1364 1334 1416 costroe

768 1459 951 1532 sortitruliuis
983 1466 1008 1518 et
1041 1478 1107 1534 erpo
1140 1479 1187 1518 uec
1215 1461 1334 1519 produnt

768 1562 904 1619 coritotis.
954 1563 1012 1621 cn.
1044 1562 1057 1620 Ι
1092 1564 1132 1621 84
1167 1562 1334 1621 Paucorum

768 1664 852 1738 culpo
873 1664 947 1738 fuit·
963 1665 978 1721 Ι
995 1667 1034 1723 83
1057 1664 1139 1722 Unus
1154 1664 1259 1722 olteree
1270 1683 1333 1740 per·

768 1766 847 1823 (litus
868 1785 901 1822 oc
924 1766 1095 1824 temulentus
1122 1765 1225 1844 (ucqrrc
1259 1768 1336 1825 enirn

763 1868 864 1942 plures
885 1869 1110 1927 consteruotioue
1127 1869 1271 1943 proreiruo
1291 1870 1334 1926 iu·

767 1972 879 2028 senisse
901 1968 1092 2047 credideriut).

811 2073 869 2132 cfr.
892 2073 906 2130 Ι
930 2074 969 2131 82
1007 2071 1092 2129 rniles
1114 2116 1120 2128 .
1144 2117 1151 2129 .
1176 2116 1182 2128 .
1206 2078 1334 2131 erectores

767 2176 917 2233 seditionis
960 2174 998 2231 od
1039 2173 1216 2248 supplicium
1261 2175 1334 2232 ultro

761 2277 934 2352 postulabat.

811 2379 824 2437 Ι
847 2382 886 2438 85
914 2379 952 2435 Et
981 2376 1071 2435 orotio
1094 2422 1100 2433 .
1126 2421 1131 2433 .
1156 2421 1161 2433 .
1184 2383 1212 2434 et
1235 2378 1333 2436 seceri-

768 2482 835 2539 totis
862 2481 966 2538 rnorlus
990 2482 1089 2554 (nequo
1110 2479 1187 2536 enirn
1213 2480 1249 2538 iu
1266 2480 1333 2555 pl·

766 2603 812 2641 res
844 2602 932 2658 quoin
970 2583 1003 2639 iu
1036 2582 1109 2639 riuos
1141 2581 1336 2642 ouirnuclccrti

767 2683 901 2760 iusserat)
923 2690 1001 2758 prote
1023 2688 1141 2758 accepto.
1171 2683 1232 2742 Gir.
1256 2685 1272 2743 Ι
1296 2688 1334 2745 84

767 2789 890 2846 duoruui
910 2804 1004 2861 pocuc
1026 2785 1079 2843 erit
1100 2791 1129 2843 et
1152 2785 1223 2845 183
1253 2787 1336 2846 lucris

767 2892 866 2949 otterrc
884 2888 1016 2963 perditus
1037 2905 1070 2945 uc
1092 2887 1276 2947 temulentus.

595 3069 623 3135 Ι.
679 3072 722 3136 V.
756 3071 891 3136 1--11.

256 3236 366 3301 1-2,
425 3235 485 3304 Sic
517 3258 614 3324 qnae
643 3260 757 3326 supra
787 3241 960 3326 exposuit
986 3240 1210 3308 Plutarchus
1239 3261 1335 3308 com·

149 3354 332 3438 plectitur.
1154 3350 1156 3355 ’

253 3474 294 3541 V.
333 3476 433 3542 2-3
463 3497 482 3544 e
511 3478 637 3545 Tacito
675 3478 805 3545 ductos
839 3479 1070 3545 crediderim.
1132 3471 1272 3549 coetu
1300 3486 1335 3547 et

149 3613 258 3660 neruo
294 3595 332 3660 in
370 3596 486 3662 vicem
542 3599 782 3682 respondent,
813 3599 898 3664 item
928 3597 1022 3681 ιὀίας
1048 3601 1187 3693 ἔχθρας
1216 3606 1253 3666 et
1281 3600 1335 3667 of-

151 3713 289 3780 teucos.
321 3715 429 3791 Quod
450 3716 675 3783 Plutarchus
699 3718 870 3784 hocloco
893 3717 1032 3784 Othoni
1048 3718 1335 3786 benevolentior

151 3834 300 3899 videtur
328 3854 439 3918 quam
469 3837 629 3915 Tacitus,
659 3856 733 3903 non
763 3838 924 3922 refert).

253 4050 276 4127 1)
308 4051 368 4111 cn.
401 4052 550 4112 Woelfflin
584 4054 687 4130 Cemp.
712 4074 740 4131 p.

763 4057 803 4114 48
828 4073 881 4131 sq..
909 4054 1123 4114 Gersteneclrer
1147 4073 1175 4131 p.
1198 4058 1254 4130 423
1280 4056 1334 4114 ra-

149 4155 196 4212 hia
219 4173 247 4230 p.
272 4157 341 4214 297.
386 4155 451 4215 Hoc
473 4156 623 4215 Plutarchi
648 4158 724 4232 lngit
747 4157 906 4232 Groagiinn
932 4177 959 4233 p.
985 4160 1044 4216 718
1062 4175 1119 4233 sq.;
1144 4166 1249 4216 contra
1266 4159 1334 4218 Cla-

148 4273 205 4315 son
229 4275 257 4332 p.
282 4259 299 4315 9
322 4265 352 4316 et
375 4258 480 4317 Leuius
504 4277 532 4334 p.
557 4261 595 4318 80
621 4260 718 4318 locum
741 4259 832 4319 Taciti
858 4279 916 4317 non
941 4260 1049 4318 rident.
