2978 4800
195 446 302 507 7-19
346 441 396 508 καὶ
429 445 525 527 φέρων
552 435 620 505 ὅσον
646 441 718 523 εἶχεν

143 543 180 614 7έν
203 544 354 630 ἐκπώμασι
379 544 429 612 καί
451 546 607 627 τραπέζαις
635 539 718 626 ίίργυ·

149 678 203 732 ρον
233 648 283 715 καὶ
312 646 418 733 χρυσὸν
439 649 526 713 ἔδωκε
548 642 720 726 κατακόψαι

149 753 312 833 ποιουμένῳ
341 746 477 832 νόμισμα,
499 745 548 812 καὶ
569 749 629 811 τῶν
650 747 720 810 οίκε-
813 765 864 804 rree
885 746 982 820 οεμνιίε
995 751 1030 818 et,
1047 745 1133 804 donee
1149 746 1253 804 betleem
1269 745 1336 821 feeit,

150 854 213 916 τῶν
248 848 413 937 ἐδωρήσατο
444 844 511 922 τούς
542 849 720 930 εἰθισμένους
771 848 847 906 r'rrter
863 852 1028 923 praesentes
1044 847 1305 922 splendidissimus,

150 950 218 1038 περὶ
233 956 346 1018 δίαιταν
356 947 470 1035 ἡγεμόνι
481 951 608 1033 ἐμμελῶς
619 947 720 1031 ὐπουρ-

154 1066 223 1139 γεῖν.
245 1052 309 1120 Καὶ
323 1050 362 1119 τὰ
379 1051 456 1118 ἄλλα
470 1047 568 1124 πιστὸς
582 1044 616 1135 ίγν
630 1049 721 1132 αὐτῷ,

153 1154 204 1222 καὶ
237 1151 329 1229 ὅιδούς
361 1167 462 1236 πεῖραν
495 1151 609 1226 οὐδενὸς
636 1146 722 1236 ἦττον

152 1255 247 1324 ἐδόκει
276 1255 457 1340 πραγμάτων
485 1257 615 1340 ἔμπειρος
637 1257 722 1320 εἶναι·

153 1357 205 1426 καί
231 1361 386 1444 βαδίζοντι
421 1353 472 1442 τήν
504 1352 570 1424 tete
603 1354 723 1423 ἅπασαν

153 1464 202 1544 ἐφ’
234 1458 343 1545 ἡμέρας
374 1455 486 1532 πολλὰς
519 1456 724 1542 συνοχούμενος

154 1566 319 1629 διετέλεσεν.
357 1560 404 1627 Ἐν
426 1561 456 1627 et
477 1563 513 1645 τῇ
536 1563 652 1647 συνοδίᾳ
674 1559 723 1626 καὶ

154 1667 192 1748 τῇ
222 1668 360 1750 σννηθείᾳ
382 1659 432 1730 τὸν
457 1661 570 1730 Οὐίνιον
592 1659 724 1747 έξεθεροί-

156 1791 262 1832 πευσεν
283 1763 378 1851 ὁμιλίᾳ
401 1763 450 1830 καὶ
470 1762 580 1850 δώροις,
594 1761 723 1847 μάλιστα

159 1867 191 1933 δὲ
219 1870 279 1932 τῶν
302 1871 449 1952 πρωτείων
471 1865 620 1950 ὑφιέμενος
643 1865 724 1947 αὐτῷ

158 1966 196 2036 τό
223 1997 255 2054 γε
278 1971 341 2052 μετ’
370 1971 475 2034 ἐκεῖνον
508 1965 656 2034 δύνασθαι
684 1972 722 2034 δι’

157 2076 263 2138 ἐκεῖνον
292 2073 347 2154 εἶχε
376 2072 507 2156 βεβαίως.
551 2073 602 2150 Τῷ
624 2071 653 2137 δὲ
677 2069 725 2136 α’ν·

155 2171 308 2258 επιφθόνρ
327 2175 433 2258 περιῆν,
447 2184 555 2256 προῖκα
578 2171 725 2257 συμπράτ-

153 2303 216 2341 των
253 2272 353 2341 πιίντα
392 2285 452 2347 τοῖς
489 2278 638 2358 δεομένοις,
675 2274 724 2340 καὶ

155 2380 291 2463 παρέχων
316 2376 421 2443 ἑαυτὸν
443 2376 653 2462 εὐπροσήγορον
675 2376 723 2442 καί

159 2476 369 2560 φιλάνθρωπον
392 2474 492 2544 ἅπασι.

205 2584 327 2642 19-24
350 2588 483 2646 Πλεῖστα
505 2580 534 2647 δὲ
557 2593 617 2651 τοῖς
638 2606 723 2664 στρα-
819 2591 832 2648 Ι
857 2592 896 2649 23
921 2591 1017 2648 studia
1044 2589 1173 2647 rrritr'teerrr
1196 2589 1258 2646 ιὀνιι
1275 2588 1341 2664 μνί-

158 2693 299 2755 τιωτικοῖς
329 2683 525 2768 συνελάμβανε
548 2681 597 2748 καὶ
618 2685 724 2766 προῆγε
776 2693 840 2751 dem
873 2711 922 2767 spe
951 2691 1139 2750 successionis
1166 2695 1217 2748 eut
1235 2695 1343 2766 paratu

153 2781 281 2856 πολλοὺς
303 2787 348 2867 ἐφ’
371 2781 530 2868 ἡγεμονίας,
552 2782 591 2850 τὰ
614 2784 665 2867 μὲν
683 2787 724 2850 αι’·
775 2795 917 2871 faeirrorr's
947 2794 1143 2869 adfectae-eret,
1170 2792 1204 2850 ιἰι
1231 2792 1341 2864 ttinere,

154 2883 295 2969 τυύμενσς
328 2882 386 2952 ἀπὸ
418 2888 469 2952 τοῦ
498 2885 724 2971 αὐτοκράτορος,
778 2900 811 2956 tre
824 2899 949 2973 αμκιίνιο,
961 2898 994 2955 ι’νι
1006 2896 1180 2955 stationibus
1197 2913 1343 2970 ...quos-

153 2985 195 3053 τοὶ
223 2987 254 3054 δὲ
284 2991 333 3055 τὸν
362 2987 477 3055 Οὐίνιον
507 2987 556 3054 καὶ
584 2987 650 3062 τούς
673 2991 727 3054 ὐπ-
778 3001 847 3058 dem
868 3001 1010 3076 requirere
1027 3005 1053 3057 et
1069 2998 1194 3073 μεαινιίο
1212 3003 1263 3055 eret
1275 3015 1342 3072 μνα-

155 3092 327 3174 ελευθέροος
348 3093 529 3172 παρακαλῶν
545 3088 651 3156 Ἴκελον
677 3089 727 3156 καὶ
779 3103 820 3161 tia
841 3103 949 3161 iuvare.

156 3189 366 3269 ’Aemrurr'fit'
382 3185 462 3259 οὗτοι
476 3191 534 3278 γύιρ
550 3186 623 3276 ἦσαν
639 3196 667 3258 ἐν
682 3201 727 3259 δυ-

159 3291 244 3377 νάμει
274 3292 406 3377 μάλιστα
434 3298 493 3361 των
522 3294 585 3380 περὶ
607 3293 655 3378 τίγν
678 3294 727 3361 αὐ·

157 3394 249 3480 eff).

202 3503 328 3561 24-27
372 3494 489 3572 Ὁσάκις
520 3500 549 3565 δὲ
575 3498 626 3565 τὸν
648 3498 726 3566 Γιίλ-
823 3512 900 3571 124
932 3510 1062 3568 Meerr'ers
1084 3509 1203 3567 Pudens
1226 3553 1232 3566 .
1255 3552 1262 3567 .
1285 3552 1292 3567 .
1314 3526 1345 3565 eo

156 3608 215 3686 βαν
245 3602 348 3680 εἱστία,
369 3597 419 3683 τὴν
439 3599 727 3685 παραφυλάττουσαν
774 3615 922 3692 paulatim
949 3630 1124 3688 proeressus
1156 3616 1207 3682 est,
1236 3615 1270 3668 ert
1291 3629 1346 3685 μοι·

264 3853 288 3930 ¹)
311 3856 354 3915 De
377 3857 433 3915 hoe
453 3857 573 3914 nomine
595 3856 647 3914 etr.
671 3854 757 3913 Fabia
781 3873 809 3930 p.
836 3856 875 3912 14
897 3853 965 3910 adn.
990 3855 1005 3910 1
1030 3859 1061 3910 et
1082 3851 1150 3909 Tae.
1173 3851 1201 3909 II
1226 3852 1264 3909 95
1288 3851 1345 3908 rrre'-

158 3979 225 4018 sera
246 3958 357 4030 ee'ritee,
381 3959 476 4016 eodem
498 3977 577 4016 ανιιιο
605 3958 755 4028 Othonem,
779 3956 927 4015 Veretum
945 3973 1046 4031 μοεεα,
1065 3954 1142 4012 r'reter
1164 3952 1266 4011 Vinios
1288 3952 1345 4010 ra-

159 4063 224 4122 bios
245 4060 334 4120 Icelos
356 4061 498 4119 Asiaticos
521 4105 527 4118 .
551 4107 557 4119 .
582 4106 589 4118 .

266 4163 289 4238 ²)
312 4163 372 4222 cfr.
396 4163 424 4222 S.
447 4163 465 4220 λ
488 4163 507 4220 l.
540 4162 628 4220 Nutle
650 4161 741 4236 ι’γίίνιν·
758 4160 852 4236 offiee'r'
873 4166 924 4219 aut
938 4159 1109 4218 anrbtttonr's
1125 4159 1158 4216 ν’νι
1172 4174 1347 4232 quemquem

159 4286 261 4342 yenere
290 4267 399 4324 οννιίεεο
422 4310 428 4324 .
452 4311 458 4324 .
478 4309 484 4323 .
507 4284 556 4324 rree
584 4264 686 4322 ινιίνιιιε
716 4261 809 4321 atium
836 4263 896 4322 atta
922 4263 970 4321 ria
991 4261 1120 4320 metitum
1143 4258 1346 4317 demerebatur.

1228 4391 1244 4443 2
