2978 4800
194 260 252 316 132

148 438 223 522 ἄγαν
261 438 452 524 μνημονεύειν,
487 437 531 508 ὅτι
570 443 712 522 Καίσαρα

147 555 229 609 θεῖον
250 545 355 627 ἕσχες“.

193 650 316 707 15-23
340 642 499 729 Γενόμενος
520 645 550 711 δὲ
572 645 632 712 ἀπὸ
650 643 713 712 τού-
806 649 819 706 Ι
843 652 883 709 49
907 651 977 710 Post
999 671 1070 727 quae
1093 653 1216 711 dimotis
1240 656 1335 712 cereni-

147 774 206 812 τιον
235 744 311 828 μετὰ
340 742 439 832 μικρὸν
459 744 563 831 ἧκουσε
585 745 713 834 θορύβου
765 751 818 809 bus
828 752 954 828 paulurn
969 755 1114 830 requierit.
1138 759 1236 830 Atque
1252 756 1334 814 ittuin

148 847 198 913 uui
236 851 305 934 βοῆς
340 845 384 914 ἐπὶ
421 847 536 931 θύραις.
587 852 624 916 Οἱ
659 845 713 935 γὰρ
764 871 916 930 supremas
938 856 1000 913 taur
1021 874 1107 914 curos
1129 857 1237 915 auimo
1260 858 1336 916 uotu-

149 952 327 1033 στρατιῶται
353 953 412 1015 τῶν
440 953 632 1036 συγκλητικῶν
653 963 714 1026 τοῖς
765 962 871 1015 tantem
908 977 1010 1034 repens
1042 959 1190 1017 turnultus
1225 961 1334 1033 auertit,

149 1049 266 1117 ἀπιοῦσι
299 1056 456 1136 διηπείλουν
477 1051 668 1135 ἀποσφάξειν,
690 1056 716 1119 εἰ
764 1060 900 1118 nuntiata
921 1062 1149 1120 consternatione
1172 1081 1207 1121 ac
1224 1063 1336 1122 licentia

148 1151 186 1237 μὴ
208 1157 430 1237 παραμενοῦσιν,
453 1153 530 1221 ἀλλὰ
552 1153 713 1240 οἰχήσονται
765 1161 913 1235 miiitum
934 1181 1060 1238 namque
1082 1164 1264 1223 abeuntibus
1281 1167 1334 1224 eai-

148 1253 200 1322 τόν
244 1254 450 1341 αὐτοκράτορα
498 1254 714 1330 καταλιπόντες.
766 1263 841 1321 tiurn
863 1265 1083 1337 minitabantur,
1098 1266 1292 1325 atrocissima
1305 1268 1333 1325 iu

148 1355 249 1424 Πάλιν
286 1351 335 1424 οὖν
370 1361 516 1443 προῆλθεν
552 1355 622 1442 ὑπὲρ
655 1361 714 1423 τῶν
771 1365 940 1441 Verqiniuni
963 1368 1000 1445 oi,
1026 1387 1110 1444 quun
1131 1368 1239 1428 clausa-
1253 1371 1332 1429 uuo

151 1443 263 1545 ἀνδρῶν
292 1463 439 1545 φοβηθείς,
466 1457 605 1533 καὶτοὺς
627 1486 715 1551 στρα»
764 1468 934 1527 obsidebant.
987 1469 1141 1545 increpitis
1183 1471 1332 1531 seditionis

148 1560 255 1635 τιὼτας
277 1561 372 1629 οὐκέτι
393 1557 517 1646 δεητικὸς
532 1561 596 1629 οὐδὲ
610 1565 712 1647 πρᾷος,
764 1571 927 1629 aratoribus
940 1590 1088 1647 reqressus
1102 1574 1218 1632 oacaoit
1232 1575 1330 1633 αδιαο-

149 1662 226 1729 ἀλλά
247 1660 352 1747 τραχὺς
366 1661 470 1758 ὀηθελς
488 1662 537 1730 καὶ
551 1668 613 1747 μετ’
629 1665 713 1751 ὀργῆς
765 1674 840 1731 tium
869 1674 1022 1750 οδίοριιιιζς,
1052 1674 1140 1733 unco
1163 1694 1270 1736 ornnes
1289 1677 1329 1735 iu-

149 1768 189 1839 εἰς
200 1764 234 1832 τὸ
246 1768 391 1852 θορυβοῦν
406 1764 539 1847 μάλιστα
551 1771 713 1854 διαβλέψας
763 1776 862 1835 uoluti
879 1777 1099 1852 diqredereutur.

149 1867 287 1933 ἀπελθεῖν
301 1871 429 1952 ἐποίησεν
444 1867 575 1948 εἴξαντας
590 1869 639 1935 καὶ
654 1878 712 1936 δια-

148 1972 309 2051 τρέσαντας
319 1971 342 2049 1)

253 2204 388 2272 Omnia
416 2207 542 2273 Tacito
570 2206 709 2274 dobere
739 2207 889 2274 videtur
915 2208 1152 2275 Plutarchus.

255 2325 298 2390 V.
332 2327 430 2391 1-4
458 2327 559 2393 haud
590 2328 826 2394 mediocriter
852 2346 935 2394 cum
962 2327 1043 2394 loco
1069 2328 1189 2394 Taciti
1206 2321 1234 2414 2)
1255 2349 1330 2396 con·

150 2445 325 2511 sentiunt.
374 2441 542 2513 Τοιαῦτα
570 2444 774 2535 διαλεχθείς
801 2452 857 2513 est
884 2448 984 2514 tatia
1013 2440 1224 2536 roeuius³);
1255 2442 1331 2517 ἀπι-

150 2556 416 2660 σχυρισάμενος
452 2571 508 2632 ost
543 2567 759 2652 intrepidus
791 2568 931 2648 uerbis;
962 2567 1120 2637 ἐκέλευεν
1149 2558 1332 2639 ἀπαλλάτ-

254 2903 277 2978 1)
312 2905 371 2963 afr.
400 2905 480 2964 Suet.
504 2903 536 2963 Ο.
565 2907 600 2963 11
625 2907 717 2981 Atque
739 2905 780 2963 ita
796 2911 922 2981 paratus
944 2906 1127 3005 intentusque
1149 2907 1214 2966 iarn
1238 2907 1333 2980 morti,

155 3009 281 3066 tuuruttu
310 3008 385 3066 iuter
406 3026 506 3065 ιιιονυε
527 3013 622 3066 eaorto
644 3013 676 3066 ut
698 3026 754 3084 eos,
778 3008 830 3083 qui
850 3008 989 3067 discedere
1010 3014 1035 3066 et
1057 3008 1136 3067 abire
1158 3011 1334 3086 coeptabant,

150 3111 259 3186 curaui
280 3111 366 3186 quasi
387 3110 539 3169 desertores
569 3110 743 3185 detinerique
773 3111 870 3181 sensit,
898 3106 1087 3184 ’adiciamus’,
1118 3112 1231 3187 inquit,
1257 3114 1335 3172 ’vitre

152 3219 177 3270 et
199 3213 273 3270 hanc
294 3213 429 3270 nocternt’
455 3213 516 3286 (bis
537 3213 612 3288 ipsis
636 3213 806 3288 totrdernquc
826 3213 934 3283 uerbis)
956 3213 1098 3290 uetuitque
1120 3215 1180 3272 rint
1197 3216 1335 3292 cuiquam

152 3315 238 3390 fieri;
260 3321 284 3372 et
305 3316 339 3372 in
360 3333 459 3372 serunt
480 3334 570 3391 usque
587 3320 704 3390 patente
725 3315 862 3388 orbiculo,
885 3316 913 3374 si
928 3316 994 3392 quis
1009 3317 1090 3374 adire
1105 3317 1195 3390 oettet,
1209 3325 1336 3394 potesta-

152 3423 209 3474 teut
232 3417 281 3474 sui
296 3417 444 3492 praebuit3
469 3417 523 3475 Dio
548 3418 629 3493 apud
652 3417 723 3475 Zon.
745 3417 791 3475 XI
809 3420 847 3477 15
863 3412 919 3479 κάν
932 3410 1027 3495 τούτῳ
1041 3417 1172 3498 ταραχῆς
1187 3419 1336 3501 γενομένης

156 3518 344 3600 στρατιωτῶν
377 3518 489 3600 ἐξῆλθε,
522 3514 571 3581 καὶ
602 3513 790 3599 καταστήσας
818 3514 925 3590 αὐτοὺς
955 3513 989 3582 οὗ
1010 3513 1150 3602 πρότερον
1172 3516 1337 3604 ἀνεχώρησε

151 3616 218 3703 πρὶν
240 3619 268 3691 ἐς
289 3616 324 3684 τὸ
343 3616 475 3701 ἀσφαλὲς
498 3615 604 3691 ἄλλους
626 3615 755 3702 ἀλλαχοῦ
776 3620 899 3701 πέμψαι.

254 3741 278 3810 ²)
301 3739 357 3813 Qui
382 3747 534 3817 praeterea
557 3760 625 3799 cum
648 3741 681 3799 P.
701 3739 734 3800 Ο.
761 3744 799 3800 15
824 3760 850 3801 r.
875 3744 998 3801 17—19
1022 3743 1224 3804 conterendus
1239 3753 1296 3806 est.

254 3858 278 3934 3)
309 3861 409 3919 Minus
441 3861 578 3919 similiter
610 3861 665 3918 Dio
696 3860 795 3919 LXIV
819 3863 857 3918 14
880 3860 1003 3923 τοιαῦτα
1025 3857 1076 3940 μὲν
1093 3855 1109 3923 ὁ
1126 3856 1232 3926 Ὄθων
1254 3865 1338 3928 εἶπεν.

152 3964 198 4021 lta
220 3981 281 4021 non
304 3963 412 4020 iniuria
435 3962 582 4021 Woelfflin
607 3963 708 4039 Oomp.
732 3982 760 4039 p.
784 3965 823 4023 20
850 3963 920 4021 huic
934 3965 1029 4022 instat
1044 3964 1249 4042 similitudini,
1264 3987 1339 4046 quae

152 4066 290 4142 perfacile
321 4066 406 4123 vitari
433 4066 540 4142 potuit.
563 4066 670 4124 —De
704 4065 826 4129 τοιαῦτα
860 4068 911 4124 cir.
946 4065 1056 4142 Christ,
1079 4065 1266 4132 Geschiohtc
1290 4074 1340 4132 der

152 4169 356 4244 griechischen
382 4169 552 4241 Litteratur,
574 4188 599 4226 a.
626 4171 716 4239 1898,
737 4187 766 4244 p.
790 4170 850 4228 342
873 4169 940 4228 adu.
965 4172 992 4229 2.
