2978 4800
1255 243 1293 300 13

258 437 328 504 Hic
354 435 578 503 Plutarchus
607 434 667 500 vel
695 437 851 519 propter
877 432 976 498 Vinii
1004 432 1230 500 mentionem
1259 452 1335 499 non

151 578 174 624 a
205 557 331 623 Tacito
358 555 499 641 pendet
514 548 557 633 l);
584 553 802 638 fontemque
830 571 1062 618 communem
1092 553 1172 618 sine
1200 552 1334 621 fraude

150 677 271 744 Taciti
303 694 493 742 assumere
520 673 615 740 licet.
672 671 747 740 Cir.
777 671 817 737 P.
849 671 892 739 G.
923 672 985 750 22,
1015 692 1050 738 v.
1080 673 1103 738 5
1132 691 1215 757 sqq.

198 947 303 1006 9-15
350 938 424 1006 ’linei
462 939 492 1004 δὲ
523 939 721 1021 μεμφομένους
816 939 873 997 15
919 939 1041 997 Accessit
1073 939 1178 998 Galbae
1204 959 1258 999 νοιι
1282 960 1338 1016 pro

151 1040 287 1117 ἀκούσας
309 1041 404 1127 ἀφῆκε
426 1037 523 1124 φωνὴν
544 1035 658 1123 ἡγεμόνι
675 1065 722 1120 με·
774 1060 804 1099 rc
831 1040 948 1116 publica
983 1041 1109 1112 borneto,
1143 1042 1204 1118 ipsi
1224 1061 1337 1119 anceps,

150 1144 235 1232 κοίλῳ
267 1149 442 1229 τρέπουσαν,
469 1139 555 1208 siurim
587 1143 722 1207 εἰωθέναι
775 1143 829 1219 lept'
850 1162 868 1201 a
889 1163 919 1202 sc
941 1144 1073 1215 militem,
1097 1163 1157 1203 νιοιι
1179 1145 1256 1217 ιιιιι’;
1288 1164 1339 1204 ατε

151 1250 321 1331 καταλέγειν
339 1241 529 1329 στρατιώτας,
546 1242 597 1309 οὐκ
614 1237 720 1326 ἀγοραί-
774 1246 903 1305 enim-ud
915 1247 990 1305 Ιαιιια
1002 1246 1133 1321 formum
1144 1253 1233 1306 cetera
1247 1252 1337 1306 crant.

153 1353 219 1426 ζειν,
242 1350 417 1429 πειθομένοις
447 1348 538 1410 τοῦτο·
556 1342 646 1410 δεινὸν
667 1345 722 1409 εἰσ·

150 1456 227 1536 ἦλθε
255 1461 340 1532 μῖσος
368 1446 416 1513 καὶ
450 1447 549 1532 ἄγριον
579 1442 649 1530 πρὸς
672 1444 722 1512 αὖ·

151 1550 213 1620 τόν.
259 1548 366 1618 Ἐδόκει
388 1547 444 1634 γὰρ
467 1547 518 1615 οὐκ
542 1546 632 1624 αὐτὸς
652 1549 722 1616 αἶπο-

153 1665 264 1738 στερεῖν
278 1650 375 1735 μόνος,
391 1647 467 1717 ἄλλα
490 1664 658 1735 νομοθετεῖν
672 1651 722 1718 καὶ

156 1752 299 1822 διδάσκειν
332 1751 401 1826 τοὺς
433 1756 501 1835 μεθ’
527 1750 616 1820 αὑτὸν
638 1753 722 1821 αὗτα-

157 1853 347 1941 κρατοραςδ).

259 2119 450 2187 Plutarchi
482 2120 624 2188 fontem
650 2123 894 2208 principalem
922 2143 998 2190 non
1026 2123 1142 2190 fuisse
1171 2122 1337 2189 Tacitum

152 2241 285 2327 liquet.
332 2239 426 2305 Nam
454 2244 639 2325 eluderet,
668 2243 726 2308 cui
754 2216 958 2328 respondet
985 2263 1180 2310 consuesse
1210 2242 1339 2310 Sueto·

154 2361 221 2438 nii,
250 2378 328 2426 non
369 2359 555 2444 reperitur
596 2362 696 2446 apud
735 2362 917 2443 Tacitum;
960 2366 1037 2428 tum
1067 2363 1168 2449 quod
1196 2362 1340 2429 Plutar-

161 2479 252 2544 chus
288 2484 325 2545 et
363 2478 565 2545 Suetonius
607 2499 674 2565 per
711 2481 831 2547 activa
860 2482 998 2561 dicunt,
1028 2482 1065 2548 id
1094 2483 1243 2549 Tacitus
1271 2502 1340 2568 per

161 2599 312 2683 passiva
357 2598 458 2685 (lapi,
499 2594 603 2686 cmi);
644 2618 759 2684 porro
795 2600 986 2666 Plutarchi
1023 2605 1261 2690 πυθομένοις
1288 2642 1338 2648 -

158 2707 278 2786 αὐτόν
305 2737 388 2785 cum
419 2719 587 2786 Suetonii
616 2723 729 2806 atquc
749 2758 798 2766 —
819 2711 1094 2803 coacerbaoiffi)
1113 2725 1336 2807 congruunt.

155 2837 290 2923 Neque
328 2844 384 2904 est
416 2838 713 2906 obliviscendum
742 2840 935 2907 dicterium
963 2839 1054 2906 illud
1083 2858 1165 2906 esse
1194 2839 1338 2907 Galbae

153 2958 288 3043 ipsius,
318 2977 393 3024 non
435 2960 627 3044 scriptoris
664 2960 836 3039 alicuius;
878 2960 1000 3046 potuit
1027 2960 1142 3047 igitur
1166 2960 1250 3026 ‘sine
1279 2961 1339 3027 de·

155 3077 292 3144 decore
313 3077 461 3145 Tacitus
489 3078 525 3144 id
556 3079 603 3145 ad
632 3079 789 3146 verbum
810 3071 1128 3163 transscribere4).
1175 3079 1249 3145 Sed
1270 3081 1338 3148 etsi

158 3196 211 3262 sic
236 3216 277 3264 se
305 3216 365 3264 res
392 3197 517 3278 habet,
546 3199 637 3265 nihil
658 3203 781 3266 tamen
802 3199 938 3279 obstat,
961 3199 1177 3284 quominus
1207 3189 1339 3295 φανδν

160 3377 361 3386 --ψ--ο-

262 3498 285 3574 ¹)
309 3499 367 3558 cfr.
390 3501 478 3560 etiam
502 3501 590 3559 Fabia
613 3520 641 3577 p.
665 3503 734 3560 101.

260 3619 284 3696 ²)
309 3619 368 3678 Cir.
384 3620 466 3679 Suet.
484 3618 518 3679 G.
532 3623 570 3680 16
594 3620 714 3678 subinde
736 3621 860 3698 iactauit,
874 3621 960 3696 tepere
981 3640 1011 3679 sc
1028 3621 1161 3696 militem,
1173 3641 1233 3680 ιιοα
1248 3640 1339 3680 emere

153 3740 325 3795 consumam·
358 3728 442 3798 atquc
474 3741 505 3780 eo
539 3722 654 3798 quidem
689 3723 806 3780 nominc
828 3722 935 3794 omnis,
959 3722 1136 3798 pecudique
1159 3729 1250 3796 erant,
1274 3742 1339 3782 coa-

153 3823 286 3883 ccrbauit.

260 3942 283 4019 ³)
307 3941 422 4016 Quibus
456 3945 557 4003 nescio
590 3963 628 4002 an
661 3945 842 4021 respondeat
872 3945 952 4022 apud
984 3945 1121 4004 Tacitum
1144 3946 1204 4022 ipsi
1225 3964 1336 4020 auceps.

156 4047 216 4106 cfr.
240 4046 328 4105 Fabia
350 4066 378 4123 p.
404 4049 472 4120 101,
496 4049 566 4106 308.

260 4164 285 4242 ⁴)
308 4164 392 4239 Quod
427 4185 485 4225 non
520 4167 637 4226 videtur
670 4167 865 4242 perpendisse
894 4168 1032 4241 Boissier‚
1055 4168 1177 4227 Journal
1206 4168 1259 4226 des
1284 4166 1336 4226 Sa·

157 4276 256 4343 rents
278 4289 303 4328 a.
331 4272 420 4344 1895,
444 4289 472 4346 p.
495 4272 567 4329 413.
