2978 4800
1254 248 1294 305 33

151 460 236 514 μενος
270 433 313 512 τῷ
346 442 490 512 ποοεοπεῑν
511 437 658 506 uotiuum,
682 427 722 504 ὡς
775 434 853 492 tibus
874 435 973 509 (attor,
996 436 1072 511 quod
1095 435 1252 494 incivitate
1269 453 1336 493 uos-

150 533 202 599 oix
227 533 384 599 ἀποκτενεῖ
401 535 506 617 Νέρων
524 530 626 610 αὐτόν,
643 530 720 597 ἀλλὰ
775 541 819 594 tro
852 542 877 594 et
904 537 1043 596 rotabitur
1069 557 1181 613 semper
1212 543 1237 596 et
1270 540 1337 595 ret-i-

149 630 322 717 τιθνήξετοιι
344 631 492 717 πρότερος,
516 628 602 706 αὐτὸς
624 632 653 698 δὲ
675 661 723 698 πε·
773 638 894 697 nebitur.
935 639 1043 699 Multos
1063 645 1167 698 secreta
1189 640 1339 716 Ρογνγνοοου

150 737 264 818 otiosae
280 733 328 800 rai
352 731 432 818 ἄρξει
448 731 610 817 Ῥωμαίων·
633 737 721 800 ἐκεῖνο
773 740 996 814 mattuueatr'cos,
1025 742 1190 817 pessimum
1223 743 1338 818 priraci·

149 832 203 921 γὰρ
240 834 351 918 ἀληθὲς
377 835 531 912 ἀποδείξας
553 833 630 918 ἦξίου
652 836 720 920 μηδὲ
766 843 848 918 palis
883 844 1068 902 matrimonii
1099 845 1337 909 instrumentum.

150 940 247 1004 ταῦτα
272 937 476 1015 ἀπελπίζεινῑ)
772 946 945 1005 babuerunt:
980 966 993 1005 e
1025 948 1131 1024 quibus
1156 947 1339 1006 Ptolemaeus

779 1049 886 1108 Otboni
917 1051 950 1108 in
978 1050 1126 1126 Hisnam'a
1148 1069 1248 1128 comes,
1271 1070 1337 1110 cum

773 1155 997 1229 superfuturum
1018 1172 1085 1211 eum
1099 1153 1212 1212 Neroni
1222 1155 1336 1229 promi-

773 1257 864 1329 sisset,
883 1262 1039 1331 postquam
1072 1275 1106 1314 eu
1133 1263 1233 1314 eventu
1253 1256 1336 1331 fides,

772 1360 931 1418 coniectura
952 1359 1015 1417 r'am
1036 1365 1062 1418 et
1082 1377 1199 1418 rumore
1221 1359 1337 1418 senium

778 1462 882 1520 Galbae
904 1467 929 1519 et
950 1461 1097 1519 iuuentam
1118 1461 1240 1521 Othonis
1259 1481 1336 1533 corrr-

767 1563 937 1638 putantium
955 1567 1141 1638 persuaserat
1162 1564 1224 1637 fore
1245 1568 1278 1620 ut
1305 1564 1338 1621 in

773 1665 929 1741 imperium
952 1665 1153 1724 adscisceretur
1175 1684 1199 1724 e.
1223 1684 1250 1742 q.
1275 1683 1298 1724 s.

817 1767 890 1825 122
921 1772 947 1824 at
968 1767 1069 1824 intimi
1091 1766 1254 1825 libertorum
1278 1787 1336 1826 ser-

155 1856 313 1942 αχθόμενοι
345 1858 444 1943 κρύφα
478 1859 527 1926 καὶ
564 1867 722 1928 συνεπιστέ-
773 1888 939 1945 noturuque,
977 1870 1141 1944 corruptius
1177 1889 1266 1945 quum
1304 1871 1338 1928 iu

154 1987 252 2034 νοντες
270 1959 307 2034 ὦς
330 1960 477 2047 ἀχάριστα
498 1962 668 2030 πεπονθότι·
770 1973 885 2047 priuata
917 1972 1001 2030 doura
1033 1972 1133 2043 babiti,
1157 1973 1256 2030 aulana
1279 1974 1336 2031 Ne-

771 2074 854 2132 ronis
888 2080 913 2132 et
942 2074 1038 2146 lanus,
1062 2075 1211 2146 adiutoria,
1233 2077 1336 2134 matr-i-

772 2178 872 2236 monia
898 2184 1055 2254 ceterasque
1087 2197 1244 2253 reynerum
1274 2179 1336 2237 libi-

772 2280 854 2337 (Iiues
875 2280 958 2338 auido
980 2279 1094 2352 tatium,
1117 2280 1146 2337 si
1167 2281 1290 2354 airderet,
1305 2287 1338 2339 ut

772 2401 827 2440 uta
874 2387 1055 2453 ostentantes,
1104 2382 1260 2457 quiescenti
1305 2390 1338 2441 ut

772 2486 868 2542 atiena
889 2485 1103 2560 euprobrabant.

200 1763 323 1821 36-37
361 1759 412 1841 οὐχ
434 1757 539 1842 ἥκιστα
562 1763 586 1823 δ’
611 1763 639 1825 oi
660 1786 722 1827 συν·

200 2585 323 2644 37-40
366 2589 491 2647 πλεῖστοι
524 2579 553 2644 δὲ
575 2582 633 2644 τῶν
655 2579 719 2662 περὶ,

159 2689 318 2766 Τιγελλῖνον
344 2683 392 2750 nai
416 2687 581 2766 Νυμφίδιον
603 2685 632 2747 ἕν
652 2684 719 2766 τιμῇ

151 2783 311 2867 γεγονότων
345 2785 545 2869 ἀπερριμμένοι
578 2783 644 2851 τότε
671 2782 720 2851 καὶ

150 2884 464 2969 ταπεινὰπραττοντες
474 2890 644 2970 ἐφθείροντο
653 2885 724 2973 πρὸς

815 2587 828 2644 Ι
853 2588 893 2644 24
933 2587 1141 2661 Flamantibus
1172 2588 1232 2645 iam
1256 2589 1335 2646 miti-

773 2694 836 2746 tum.
862 2688 974 2745 animis
995 2688 1069 2745 uetut
1090 2689 1167 2763 faces
1190 2690 1337 2748 autimi

773 2789 903 2848 Maeuius
936 2789 1061 2866 Pudens,
1085 2791 1264 2866 amouimis
1291 2791 1336 2848 tt·-

773 2891 880 2968 9eltini.
926 2892 985 2951 cfr.
1009 2892 1097 2950 etiam
1122 2893 1135 2950 I
1159 2894 1198 2952 20
1222 2894 1336 2952 useriu-

775 2995 861 3052 torati
876 3013 931 3069 per
952 3014 998 3053 eos
1013 2995 1073 3053 dies
1089 2995 1206 3072 tribuni,
1225 3015 1335 3071 eprae-

775 3097 847 3154 torio
862 3099 1010 3155 Antonius
1025 3098 1138 3156 Taurus
1152 3104 1177 3157 et
1189 3100 1336 3157 Antonius

773 3200 862 3271 Naso,
885 3219 918 3258 eu
950 3201 1071 3258 urbanis
1096 3200 1259 3260 cohortibus
1281 3204 1337 3260 Ae·

773 3302 875 3360 mitius
897 3302 1045 3374 Pacensis,
1062 3322 1076 3361 e
1091 3304 1226 3378 ciuilibus
1241 3304 1337 3362 Iulius

773 3405 918 3479 monuo.

152 2983 243 3052 αὐτὸν
265 2986 314 3053 rai
337 2987 567 3073 συνηγανάκτουν»
589 2989 636 3054 καὶ
651 3018 722 3074 παρ-

154 3085 270 3166 ὠξυνον.

155 3540 365 3548 ——-—

261 3640 285 3717 1)
308 3643 366 3702 cfr.
389 3643 470 3703 Suet.
494 3644 526 3704 Ο.
550 3647 569 3704 4
590 3664 668 3720 spem
704 3646 823 3722 imperii
843 3649 914 3723 cepit
937 3695 943 3707 .
968 3695 974 3707 .
997 3695 1004 3708 .
1026 3650 1175 3725 aliquanto
1197 3651 1336 3710 maiorem

154 3763 190 3802 eu
213 3744 417 3819 adfirmatione
442 3747 555 3806 Seleuci
574 3748 776 3808 mathematici.
819 3750 877 3819 Orci
898 3770 964 3809 curre
987 3771 1052 3809 eum
1071 3753 1141 3811 otim
1156 3756 1335 3830 srrpemtitem

154 3845 269 3904 Neroni
290 3847 351 3921 fore
373 3849 578 3923 moriondisset
595 3855 661 3908 tunc
675 3850 751 3909 ultro
766 3852 936 3928 inopinatus
950 3854 1107 3931 aduenerat,
1124 3856 1335 3931 imperaturum

154 3967 267 4024 quoque
290 3949 366 4007 breui
386 3953 594 4025 repromittens

260 4067 284 4145 2)
308 4069 366 4128 cfr.
393 4070 472 4129 Suet.
497 4071 531 4130 G.
558 4076 596 4133 16
634 4074 761 4132 Ceterum
789 4077 991 4151 praetorianos
1013 4079 1100 4137 ctiam
1125 4087 1202 4137 metu
1218 4085 1243 4137 et
1258 4080 1335 4136 indi-

154 4169 264 4245 9nitate
297 4173 458 4244 commouit,
479 4193 626 4234 removens
648 4177 768 4236 subinde
786 4179 946 4255 pterosque,
970 4186 1002 4238 ut
1031 4188 1175 4256 suspectos
1196 4187 1221 4239 et
1244 4182 1336 4257 It'ym-

152 4272 253 4346 pttidii
273 4274 373 4333 socios.

1235 4418 1251 4471 3
