2978 4800
1259 245 1298 304 27

151 432 275 502 Taciti
311 434 491 504 sollemni
518 438 554 503 et
581 435 771 503 Plutarchi
799 425 842 502 ὃν
870 437 963 518 iiior
989 434 1089 504 ἐστὶν
1117 427 1270 527 ὀμνύειν
1297 436 1342 504 si·

153 554 330 622 militudo
359 559 425 623 est.

264 673 430 741 17-19.
489 673 669 761 Singulae
696 673 887 740 Plutarchi
914 694 1026 741 voces
1047 675 1205 761 singulis
1225 676 1340 744 Taciti

156 793 405 879 respondent:
441 784 687 888 ἡγεμονικοῖς,
716 793 928 880 lepatorum
956 794 1258 876 trihemitonium
1289 794 1342 864 lui·

157 938 220 1003 yar,
263 913 419 980 locutus.
475 913 548 980 Sed
584 913 703 980 verba
740 933 823 980 cum
860 914 991 981 eadem
1033 915 1117 993 sint,
1156 915 1341 982 sententia

156 1052 317 1118 prorsus
358 1038 414 1101 est
454 1034 622 1113 diversa;
666 1033 767 1119 quod
802 1032 1024 1100 Plutarchus
1062 1034 1124 1113 ait,
1160 1034 1198 1101 id
1226 1039 1341 1120 negat

156 1153 321 1221 Tacitus.
378 1153 461 1230 Qua
489 1153 527 1219 in
554 1153 806 1240 repugnantia
834 1153 1074 1220 diiudicanda
1101 1155 1262 1240 primum
1291 1159 1341 1221 te·

153 1273 324 1340 nendum
360 1278 419 1342 est
453 1273 620 1360 intellegi
657 1273 722 1340 vix
757 1293 880 1359 posse,
915 1274 1006 1358 quid
1034 1273 1106 1341 sibi
1134 1274 1250 1340 velint
1276 1273 1339 1340 illa

151 1393 349 1460 Plutarchi
386 1384 916 1489 nupr'ororo-o'rrrooraorstt
980 1393 1114 1480 Nugae
1156 1399 1254 1472 sunt,
1293 1413 1340 1460 ex

151 1513 286 1580 Tacito
314 1512 560 1599 neglegenter
586 1513 734 1579 reddito
761 1516 881 1579 ortae:
912 1503 1120 1582 ἀπόστασιν
1148 1518 1204 1580 est
1231 1514 1338 1580 nullo

148 1653 226 1719 ¹pro
262 1631 407 1713 Galum
438 1625 619 1728 ἀναρχίαν
647 1632 885 1711 1111111ααί111,
906 1632 970 1699 cfr.
992 1633 1203 1700 0113111157
1224 1634 1339 1700 scires

151 1752 269 1820 illum
306 1752 439 1838 priore
473 1752 591 1818 biduo
628 1771 705 1818 non
733 1771 850 1838 penes
877 1753 1179 1839 rempublicam
1209 1753 1336 1820 fnisse.

154 1872 239 1938 Iam
278 1872 318 1938 in
361 1872 451 1961 λέγει
487 1872 586 1938 idem
622 1872 734 1939 valet.
790 1871 1024 1951 Plutarchus
1063 1848 1138 1957 qua
1175 1877 1256 1939 erat
1288 1873 1338 1938 in-

154 1991 274 2070 curia,
304 2010 386 2058 cum
417 1991 460 2058 ν’νι
487 1992 642 2058 modum
671 1992 858 2058 contionis
886 1991 1001 2058 Taciti
1027 1992 1183 2071 videret,
1201 1993 1338 2060 contio·

155 2111 276 2179 nandi
302 2111 499 2197 cupiditati
526 2130 602 2178 non
630 2113 808 2179 resistens
846 2113 1116 2179 oratiunculam
1144 2132 1247 2178 more
1274 2112 1337 2178 1110

152 2231 420 2298 historicorum
440 2231 678 2316 antiquorum
700 2232 857 2299 inseruit
877 2253 898 2299 a
918 2252 1000 2299 sese
1018 2232 1143 2299 fictam
1153 2224 1192 2316 2).
1232 2232 1338 2309 Quae

151 2351 358 2436 explicatio
386 2369 430 2418 eo
457 2351 672 2418 confirmari
700 2352 861 2430 videtur,
888 2353 989 2437 quod
1009 2353 1045 2419 in
1065 2353 1147 2437 ipsa
1168 2353 1338 2419 oratione

155 2471 229 2536 loci
256 2471 303 2538 de
331 2470 458 2537 Tacito
494 2471 666 2537 translati
699 2471 938 2553 reperiuntur
971 2471 1062 2555 (vid.
1093 2471 1216 2555 111113).
1272 2471 1339 2538 Ne-

160 2608 237 2674 que
269 2590 471 2657 Plutarcho
506 2590 625 2676 iniqui
663 2608 803 2668 sumus,
838 2590 870 2655 si
898 2609 981 2656 eum
1008 2591 1204 2676 loquentes
1233 2591 1339 2658 indu-

155 2709 260 2776 xisse
299 2710 506 2796 cogitamus
542 2709 608 2776 ubi
644 2708 1027 2775 nullam-orationem
1060 2709 1227 2776 habitam
1256 2728 1338 2775 esse

150 2833 358 2908 constaret,
388 2849 470 2896 cum
499 2830 665 2896 Tacitum
694 2830 816 2914 ipsum
838 2829 1003 2895 eiusdem
1022 2829 1238 2896 insimulare
1257 2848 1339 2915 pec·

148 2949 228 3017 cati
265 2967 342 3017 non
379 2948 552 3016 dubitent
586 2949 658 3015 viri
692 2941 840 3028 1100113).
896 2949 945 3015 Et
981 2949 1028 3016 ab
1062 2949 1134 3016 alia
1163 2950 1339 3035 explana·

261 3201 284 3279 ¹)
319 3203 409 3262 Hunc
438 3203 600 3262 tumultum
633 3196 692 3281 (τὴν
714 3198 867 3284 ἀναρχίαν)
890 3220 950 3260 non
973 3203 1090 3261 solitam
1113 3203 1339 3274 immodestiam,

151 3307 210 3366 sed
233 3311 368 3382 apertam
392 3305 585 3365 delectionem
610 3298 796 3380 (rinocruram)
820 3305 993 3363 ductoribus
1018 3306 1110 3364 videri
1132 3306 1240 3380 frigide
1255 3305 1340 3379 fingit

150 3409 348 3467 Plutarchus
392 3408 459 3466 Non
482 3410 557 3467 bene
579 3407 683 3481 Hardy
706 3407 785 3467 adl.
808 3407 827 3465 1.

260 3524 284 3604 ²)
318 3528 415 3587 Etiam
448 3528 495 3603 iis,
526 3546 602 3604 quae
636 3527 754 3586 Tacitus
776 3527 792 3584 1
815 3528 854 3585 52
878 3527 1046 3603 loquentem
1077 3527 1146 3586 lacit
1175 3526 1339 3597 Valentem,

152 3629 338 3689 Plutarchus
370 3630 408 3688 ad
442 3630 671 3704 contingendam
706 3629 867 3687 orationem
900 3630 1079 3688 commoveri
1113 3629 1219 3704 potuit.
1264 3628 1339 3687 Inde

151 3739 237 3793 certe
267 3739 333 3793 orta
363 3738 436 3792 sunt
457 3733 508 3791 illa
530 3733 568 3791 de
590 3733 754 3792 honoribus
776 3731 809 3790 L.
833 3731 945 3789 Vitellii
969 3731 1127 3790 simillima.
1172 3731 1240 3790 Vid.
1262 3731 1339 3788 infra

151 3841 185 3894 01
216 3835 268 3894 cir.
298 3835 408 3897 Lenius
435 3854 466 3912 p.
488 3837 528 3894 32
553 3854 598 3911 sq.
627 3869 656 3878 -
686 3829 788 3908 Hardy
811 3835 906 3893 adfert
928 3835 942 3892 1
966 3837 1005 3893 53
1028 3834 1092 3892 init.
1116 3834 1164 3906 (de
1188 3833 1337 3908 Caecina):

153 3937 207 3997 »In
222 3937 335 4014 ‚giving
357 3937 499 3997 however
520 3956 558 3995 an
581 3939 746 4012 imaginary
768 3936 948 3996 illustration
972 3937 1003 3994 01
1025 3937 1072 3996 his
1094 3954 1212 4012 powers
1229 3936 1259 3995 01
1273 3953 1339 4010 per-

152 4041 288 4111 suasion,
311 4039 454 4099 Plutarch
475 4041 530 4099 has
552 4040 642 4098 fallen
666 4041 728 4098 into
751 4059 768 4098 a
791 4040 883 4114 slight
905 4040 1104 4114 inaccuracy».

259 4159 283 4235 ⁸)
306 4159 372 4219 Vid.
395 4161 433 4219 de
455 4161 588 4220 013110ηο
612 4159 747 4233 Othonis,
771 4178 848 4236 quae
872 4160 947 4218 Hist.
970 4160 1038 4218 137
1057 4177 1102 4235 sq.
1118 4158 1236 4233 legitur,
1251 4158 1337 4215 Fabia

154 4282 185 4340 p.
211 4264 290 4339 2673
313 4262 405 4336 Mace,
430 4263 517 4322 Essai
540 4280 593 4320 sur
615 4262 755 4336 sustene,
777 4262 899 4320 Parisiis
921 4281 947 4321 a.
973 4263 1063 4336 1900,
1080 4280 1108 4336 p.
1125 4263 1186 4322 206
1203 4278 1246 4336 sq.
1279 4259 1339 4318 Otr.
