2978 4800
194 226 254 284 100

149 408 228 484 τότε
260 455 311 462 -
344 419 381 484 ἐκ
422 416 638 506 περιουσίας
678 408 932 505 ἀγωνιεῖσθαι,
973 421 1051 482 tum
1088 468 1095 481 .
1125 467 1132 480 .
1163 469 1171 481 .
1207 418 1332 483 auctis

149 535 297 601 viribus
324 540 546 613 certatorem
578 556 613 600 v.
645 536 794 602 15—17
819 527 888 626 τὴν
910 529 1105 630 διαιριβὴν
1122 537 1219 603 εἶναι
1242 528 1332 625 πρὸς

148 645 286 737 αὐτῶν,
322 675 471 722 moram
508 655 604 741 ipsis
639 655 788 734 utilem
826 645 952 722 αὐτῶν
979 658 1018 721 ἐν
1045 647 1241 750 ἀφθόνοις
1271 651 1333 722 πᾶ·

148 795 209 840 σιν
245 762 378 859 ὄντων,
414 776 511 862 ipsis
545 775 678 841 onznia
706 774 897 861 opulenta.
953 774 1177 840 Plutarchus
1207 780 1330 841 autem

148 893 249 976 quod
278 893 459 962 Moesicas
478 900 515 961 et
534 895 771 961 Pannonicas
796 892 924 977 copias
943 893 1210 977 praesentibus
1231 895 1331 963 haud

149 1013 311 1079 minores
352 1033 435 1081 esse
474 1014 563 1081 dicit
603 1015 652 1099 (v.
692 1013 835 1096 9-11)
871 1030 994 1097 neque
1027 1013 1226 1099 segniores
1254 1015 1333 1081 fore

148 1133 294 1211 milites,
324 1134 355 1200 si
384 1135 511 1219 plures
540 1133 793 1209 advenissent,
829 1132 920 1215 quin
948 1132 1041 1198 hacc
1068 1132 1248 1201 facillime
1274 1154 1335 1220 po

149 1253 261 1318 tuerit
290 1253 337 1319 de
364 1273 433 1321 suo
462 1253 621 1331 adicere,
652 1252 741 1339 quid
770 1256 827 1318 est
853 1251 955 1335 quod
983 1251 1161 1318 dubites?
1177 1247 1205 1337 ¹)

254 1373 416 1440 18-19.
472 1373 575 1440 Haec
610 1378 699 1439 sunt
734 1372 883 1458 gemina
919 1377 956 1438 et
987 1371 1151 1438 maxime
1180 1373 1334 1447 similia:

149 1511 235 1558 nam
260 1493 411 1559 nomina
430 1512 582 1578 quoque
602 1501 639 1559 et
656 1491 879 1578 cognomina
898 1496 1025 1557 mutue
1044 1492 1287 1576 respondent
1298 1487 1335 1579 ζ3).

257 1613 415 1680 19-23.
470 1614 562 1680 Item
591 1614 688 1679 inter
716 1612 808 1677 haec
836 1610 971 1677 eximia
997 1611 1208 1678 similitudo
1229 1619 1288 1680 est
1299 1607 1335 1698 ³).

149 1732 259 1808 Quod
294 1732 517 1800 Plutarchus
550 1733 652 1799 idem
679 1731 835 1818 placere
861 1730 978 1796 Taciti
1003 1731 1120 1815 paulo
1151 1733 1336 1816 prolixius

148 1852 312 1919 reccidit
339 1845 618 1938 (σαι-βούλευσι-
634 1889 683 1898 -
701 1833 836 1933 οὖσαν)
865 1850 929 1915 vix
956 1855 1013 1916 est
1039 1869 1110 1935 pro
1142 1852 1250 1920 auus
1267 1854 1335 1920 ton-

148 1973 195 2038 tis
223 1973 383 2059 vestigio
410 1964 680 2051 habendumh.

251 2093 415 2159 23-24.
473 2092 556 2158 Alio
597 2091 656 2157 hic
696 2090 800 2157 fonte
841 2108 916 2156 non
950 2090 1020 2156 iuit
1045 2108 1145 2173 opus
1177 2093 1256 2161 nisi
1276 2095 1323 2171 iis,

148 2231 246 2297 quae
275 2201 374 2296 apud
404 2211 570 2277 Tacitum
599 2210 729 2276 eodem
757 2210 837 2276 loco
865 2210 1115 2294 reperiuntur.

251 2347 491 2417 ane

194 2553 209 2609 1
235 2549 339 2613 Αἰτίαι
360 2547 390 2612 δὲ
407 2549 538 2619 ’πλείονες
561 2544 648 2612 ἄλλαι
663 2545 711 2611 ὑπ’

149 2647 247 2714 ἄλλων
268 2653 410 2732 λέγονται·

256 2960 278 3036 ¹)
306 2961 386 3019 Haec
407 2961 607 3019 additamenta
630 2960 782 3019 levissima
804 2961 922 3019 maioris
947 2961 1088 3019 momenti
1112 2968 1232 3037 putant
1255 2966 1332 3025 Fabii

150 3085 176 3141 p.
201 3066 240 3124 62
264 3070 294 3122 et
317 3062 415 3138 Groag
438 3082 465 3138 p.
491 3065 560 3121 754.

257 3183 280 3259 2)
304 3183 361 3241 Cir.
386 3183 495 3240 Lezius
519 3201 547 3257 p.
573 3183 641 3240 122.

256 3302 278 3377 ³)
303 3303 345 3361 De
368 3301 496 3376 singulis
520 3302 617 3360 verbis
640 3302 690 3360 clr.
713 3302 823 3360 Lenius
846 3321 874 3377 p.
901 3304 970 3360 123.
1016 3302 1077 3360 Cur
1100 3302 1212 3365 Gallus
1227 3308 1330 3366 absens

150 3406 247 3479 luent,
277 3406 335 3464 hoo
358 3405 477 3462 demum
503 3404 566 3462 loco
589 3411 619 3462 et
642 3423 659 3462 a
682 3404 784 3463 Tacito
806 3411 837 3463 et
858 3423 874 3461 a
898 3404 1057 3464 Plutarcho
1080 3406 1230 3468 rationem
1254 3409 1329 3469 reddi

149 3508 361 3567 Gersteneclrer
394 3525 421 3582 p.
453 3508 492 3564 52
528 3507 655 3580 notavit;
680 3525 769 3582 quam
792 3506 1016 3565 similitudinem
1039 3507 1127 3566 Fabia
1148 3528 1179 3585 p.
1208 3513 1269 3571 110
1291 3531 1329 3587 sq.

151 3612 282 3669 minuere
306 3610 433 3668 molitur.

255 3727 279 3804 4)
314 3729 372 3786 Cir.
406 3746 482 3804 quae
505 3728 535 3785 in
559 3729 745 3786 Praelatione
767 3728 829 3785 dixi
853 3729 889 3786 de
912 3729 1105 3788 orationibus.
1150 3731 1328 3794 Plutarchus

149 3851 205 3891 suo
229 3833 292 3890 iure
314 3850 408 3907 pauca
430 3831 570 3906 repetivit
591 3849 608 3889 e
630 3831 748 3889 Paulini
772 3832 927 3895 sententia,
949 3833 986 3889 atl
1009 3850 1097 3907 quam
1121 3841 1243 3909 spectat
1258 3838 1328 3897 ideal

149 3935 251 3992 Taciti.
274 3970 314 3976 —
338 3934 456 3992 Certum
489 3933 638 4009 quoddam
672 3933 839 3991 communis
871 3934 961 3992 fontis
995 3941 1219 4011 argumentum,
1254 3941 1330 4016 quod

149 4039 217 4095 hinc
244 4038 318 4113 petit
341 4036 427 4094 Fabia
451 4054 478 4110 p.
503 4038 541 4094 62
565 4054 618 4111 sq„
642 4053 679 4093 ne
701 4037 737 4094 ab
759 4035 937 4093 adversariis
961 4036 1080 4112 quidem
1104 4041 1219 4099 nostris
1245 4045 1331 4120 recipi

150 4146 261 4216 potest;
293 4140 344 4196 clr.
376 4136 475 4211 Groag
507 4157 535 4212 p.
570 4140 630 4195 754
659 4138 726 4197 adn.
750 4139 778 4209 4,
801 4139 852 4214 qui
877 4136 974 4197 tamen
998 4140 1072 4214 ipse,
1095 4146 1129 4198 ut
1152 4151 1203 4201 est
1226 4165 1332 4222 cogna-

150 4244 239 4300 tionis
262 4242 410 4311 infitiator,
434 4240 560 4298 diversis
584 4239 655 4297 haec
677 4241 809 4297 fontibus
832 4242 945 4298 asserit.
