2978 4800
248 215 307 271 154

196 408 316 470 torem
344 423 456 489 quem
485 404 580 470 Hist.
610 403 628 469 Ι
657 403 709 471 80
737 403 896 470 Tacitus.
930 403 1134 470 Placuerat
1154 403 1330 471 Suetonii
1351 414 1387 472 et

200 522 298 618 Otto
326 523 491 589 iusserat
518 523 634 589 Taciti
661 529 788 589 mutue
816 522 1056 607 respondent.
1109 523 1322 591 Classiarir’
1350 531 1387 592 et

194 646 370 729 septumo
413 643 572 709 decuma
613 643 745 710 cotors
778 643 888 709 iidem
924 646 1027 719 sunt;
1062 642 1154 709 haec
1182 644 1282 709 enim
1314 644 1386 712 fuit

195 782 271 829 una
304 782 351 828 ex
385 762 429 828 iis
465 762 682 828 cohortibus
715 762 871 829 urbanis
884 754 922 846 l),
952 764 1113 847 quaein
1141 763 1261 830 classe
1292 765 1386 831 mili-

195 885 389 948 taverunt:
422 882 486 948 cir.
516 883 600 948 Tac.
633 881 727 948 Hist.
758 882 775 948 I
805 881 852 947 87
873 882 1041 976 *addidit
1069 883 1185 949 clueat
1204 884 1384 952 urbanas

194 1002 374 1068 cohorter.
430 1002 605 1068 Naribus
637 1006 693 1068 est
726 1001 888 1080 dativus
923 1021 998 1069 non
1028 1001 1229 1069 ablativus.
1291 1004 1385 1090 Sep·

195 1126 298 1188 tuma
327 1121 483 1187 decuma
510 1122 643 1188 cohors
668 1121 774 1189 Ostia
796 1122 951 1188 Romam
972 1126 1028 1188 est
1048 1122 1173 1200 accita,
1193 1127 1237 1189 ut
1256 1123 1383 1191 Roma

196 1240 342 1308 Ostiam
375 1261 487 1307 arma
515 1240 748 1320 transferret,
777 1242 816 1308 id
843 1245 899 1308 est
926 1246 967 1308 ut
994 1242 1135 1309 Romae
1165 1249 1384 1310 armaretur

197 1366 416 1445 armataque
445 1360 588 1428 Ostiam
619 1362 665 1428 ad
694 1381 813 1428 naves
839 1362 1089 1428 remitteretur
1100 1354 1138 1446 2).

298 1594 319 1672 ¹)
343 1596 403 1656 cfr.
426 1615 455 1671 p.
480 1598 518 1656 73
540 1597 608 1656 adn.
634 1599 659 1656 l.

296 1699 320 1775 ²)
345 1699 512 1772 Cohortem,
536 1717 612 1775 quae
634 1699 663 1757 ΙΙ
687 1702 726 1759 63
749 1705 1006 1772 commemoratur,
1022 1718 1081 1758 uon
1097 1700 1221 1759 eandem
1237 1701 1383 1773 dixerim,

193 1801 247 1860 sed
272 1807 406 1877 quartam
430 1801 594 1874 decumam,
617 1819 707 1877 quam
731 1799 832 1860 Ostiae
854 1801 1010 1860 collocavit
1037 1801 1179 1861 Claudius
1203 1799 1271 1881 (cir.
1297 1803 1383 1863 Suet.

193 1903 296 1962 Olaud.
325 1905 364 1962 25
392 1909 422 1962 et
453 1903 693 1978 Sohille1··Voigt,
726 1903 780 1962 Die
810 1903 978 1962 romischen
1001 1903 1121 1976 Staats-,
1156 1903 1283 1979 Kriegs-
1320 1908 1385 1965 und

193 2005 471 2065 Privataltertiimer
490 2042 503 2081 2
526 2024 554 2081 p.
578 2005 660 2080 241).
688 2006 752 2064 Hoc
767 2023 858 2082 supra
873 2024 901 2080 p.
919 2007 958 2064 73
974 2005 1042 2063 adn.
1062 2007 1076 2063 1
1094 2005 1311 2081 corrigendum
1328 2014 1384 2067 est.
