2978 4800
201 221 238 277 16

153 411 222 489 tia;
250 416 461 493 utrumque,
488 429 571 477 cum
600 412 646 478 de
676 412 819 480 Galbae
848 413 1055 498 adoptandi
1076 414 1232 480 consilio
1254 433 1340 501 age·

153 536 221 609 ret,
250 548 321 614 par
347 534 429 594 erat
455 530 617 614 primum
646 530 805 598 Othonis
832 532 955 598 facere
983 534 1220 600 mentionem.

258 648 383 716 Unum
425 649 535 727 addo,
574 670 594 716 e
630 651 710 717 loco
737 652 927 718 Plutarchi
955 653 1045 719 satis
1074 653 1246 739 neglecto
1274 672 1339 719 no-

154 789 239 836 men
281 768 362 834 elici
404 787 515 853 posse
556 772 762 837 communis
803 771 900 837 illius
942 773 1115 838 auctoris,
1174 771 1338 839 Senecae

154 889 253 956 enim
281 888 368 955 dicit
396 907 468 974 ope
495 888 719 957 Plutarchus
738 890 925 958 Othonem
948 898 1214 958 conservatum
1236 911 1336 959 esse:

152 1029 184 1076 c.
216 1008 263 1075 19
299 1014 392 1074 extr.
427 1001 679 1079 ἐκινδύνευσεν
712 994 781 1079 οὖν
814 1001 833 1080 o
860 1000 991 1080 ’libau
1019 1001 1247 1079 incucurr-
1277 1010 1338 1080 καὶ

154 1119 366 1223 παράλογον
402 1114 463 1223 ἦν,
500 1122 557 1197 ὅτι
594 1129 663 1224 τὴν
697 1139 855 1219 γυναῖκα
889 1129 950 1198 καὶ
978 1119 1143 1224 ἀδελφὴν
1171 1123 1339 1199 ἀποκτεί-

154 1268 222 1330 νας
261 1239 322 1315 dici
363 1241 429 1316 tor
456 1248 666 1333 Ποππαίας
704 1240 824 1338 γάμον
857 1248 1028 1344 ἐφείσατο
1058 1246 1127 1315 τού
1147 1236 1337 1333 Ὄθωνος.

153 1363 194 1432 C.
215 1367 265 1433 20
283 1367 333 1433 in.
360 1369 524 1436 Σενέκαν
552 1368 590 1437 di·
616 1367 706 1457 εἶχεν
733 1358 1075 1436 circumcuntium·
1095 1359 1161 1436 τὸν
1183 1368 1337 1456 Νέρωνα

154 1484 352 1569 πείσαντος
365 1486 426 1555 καὶ
442 1491 737 1575 παραινέσαντος
751 1484 965 1580 ἐξεπέμφθη
983 1481 1189 1554 Aramaua]
1195 1509 1213 1551 ν
1228 1508 1338 1575 περα-

153 1595 266 1699 εηγός
305 1605 364 1674 ἐπὶ
401 1596 467 1673 τὸν
499 1597 686 1674 Ὠκεανὸν.
740 1605 819 1672 Iam
847 1605 878 1671 si
904 1604 1131 1671 conferimus
1159 1605 1261 1671 hunc
1288 1605 1337 1672 lo-

150 1741 236 1788 cum
263 1743 346 1790 cum
373 1725 458 1791 Tac.
489 1726 586 1791 Ann.
616 1724 710 1792 XIII
739 1725 790 1791 20
818 1725 962 1791 Fabius
992 1724 1169 1791 Rusticus
1202 1728 1337 1792 auctor

152 1846 207 1909 cst
234 1895 241 1909 .
264 1896 302 1910 ..
345 1865 413 1932 opo
454 1844 615 1912 Scuccac
655 1845 919 1931 diyuotioucut
960 1844 1085 1910 Burro
1126 1847 1335 1911 retentam:

152 1962 307 2030 Plinius
335 1968 369 2031 ct
400 1962 557 2034 Cluuius
584 1965 687 2031 uibil
714 1965 934 2031 dubitatum
962 1964 1009 2029 dc
1037 1963 1117 2030 fide
1147 1963 1338 2048 praefecti

151 2082 338 2164 referuut;
380 2103 474 2151 saue
515 2084 674 2151 Fabius
701 2084 866 2150 iucliuut
906 2084 959 2150 ud
996 2083 1131 2149 laudes
1160 2082 1334 2160 Scuccuc,

152 2203 262 2269 cuius
303 2205 481 2271 ornicitiu
515 2204 661 2283 floruit,
689 2203 856 2290 intellegi
883 2203 967 2270 licet
995 2202 1189 2269 Rusticum
1219 2223 1242 2269 a
1272 2204 1333 2271 Ta·

151 2323 226 2389 cito
268 2343 343 2390 non
386 2324 501 2390 semel
543 2323 819 2408 deprehensum
861 2342 943 2389 esse
986 2321 1152 2389 Senecae
1188 2323 1228 2389 in
1267 2341 1327 2409 ope

153 2442 421 2527 praedicanda.
477 2445 582 2530 Ergo
621 2443 707 2510 fons
742 2443 947 2509 communis
979 2442 1050 2508 hac
1077 2442 1113 2508 in
1143 2449 1255 2526 parte
1283 2447 1334 2510 est

152 2561 294 2629 Fabius
336 2563 522 2630 Rusticus.
576 2563 656 2630 Hoc
697 2563 819 2630 adhuc
858 2581 957 2628 unus
997 2562 1177 2628 conclusit
1205 2562 1337 2650 Groag

152 2701 190 2767 p.
221 2683 295 2750 791
337 2690 373 2750 et
409 2683 469 2750 ille
510 2684 661 2769 quidem
700 2682 916 2749 dubitanter
931 2674 973 2765 1);
1015 2681 1105 2747 mihi
1132 2700 1256 2766 pauca
1287 2684 1339 2749 vi·

152 2803 291 2869 dentur
328 2822 447 2889 aeque
475 2808 576 2869 certa
603 2803 642 2867 in
669 2802 715 2868 iis
742 2800 867 2879 rebus,
896 2819 995 2886 quae
1023 2801 1070 2868 de
1099 2801 1340 2886 antiquitatis

150 2923 284 2989 litteris
322 2922 437 3008 vulgo
471 2922 730 2988 adfirmentur.
788 2920 925 2987 Verum
954 2921 992 2985 iu
1020 2921 1235 3006 principatu
1268 2922 1340 2989 Ne·

151 3043 254 3109 renis
296 3042 489 3108 Rusticum
530 3042 622 3107 haec
658 3039 858 3108 tradidisse
891 3039 1094 3105 tenendum
1128 3043 1195 3118 est,
1231 3043 1339 3127 quod

151 3163 263 3229 modo
304 3161 576 3239 demonstravi;
619 3167 743 3227 utrum
776 3160 886 3226 etiam
920 3159 967 3225 dc
1001 3158 1109 3224 annis
1142 3158 1190 3226 68
1220 3166 1258 3226 et
1287 3160 1339 3228 69

150 3283 352 3349 Plutarcho
381 3284 510 3347 auctor
536 3280 649 3347 fuerit
676 3299 804 3357 necne,
833 3278 994 3345 hicnon
1024 3297 1177 3363 quaero.

253 3399 295 3470 P.
331 3401 373 3470 G.
404 3421 433 3467 c.
462 3401 530 3480 20,
562 3406 677 3465 c-ar.

194 3623 274 3680 6—2·
322 3613 518 3689 Ἀποστάντος
551 3614 582 3681 δὲ
609 3611 714 3699 Γάλρα
808 3616 885 3675 113
919 3615 1039 3690 primus
1061 3614 1212 3690 inpurus
1238 3620 1339 3676 traue-

148 3723 264 3802 πρῶτος
296 3715 382 3793 αὐτὸ,ι
418 3716 616 3803 προσεχώρησε
655 3719 715 3781 τῶν
764 3737 889 3794 creseus.

148 3817 332 3904 itemst),

252 4027 276 4104 ¹)
299 4030 396 4099 Fabia,
429 4027 549 4088 Gercke.
579 4046 683 4087 omues
719 4030 778 4086 lere
811 4042 890 4083 nunc
920 4023 969 4081 alii
1001 4023 1130 4081 Plinium
1160 4023 1253 4083 etiam
1280 4027 1339 4086 hoc

149 4132 214 4191 loco
236 4134 348 4191 fontem
371 4140 401 4191 et
424 4131 576 4190 Plutarchi
598 4139 627 4190 et
648 4129 845 4188 Historiarum
869 4134 992 4185 censent
1015 4127 1116 4185 luisse.

252 4249 275 4321 ²)
298 4253 357 4312 cfr.
380 4251 462 4311 Suet.
485 4250 518 4309 O.
542 4253 561 4308 4
606 4249 756 4308 coitalibus
782 4246 886 4306 Galbae
904 4246 1024 4321 primeca
1046 4247 1169 4306 occessit.
