2978 4800
1144 294 1202 386 117

61 484 148 550 dam
201 489 324 551 autem
371 484 595 551 Plutarchus
640 483 753 567 paulo
797 483 952 549 uberius
998 484 1147 552 videtur
1192 484 1245 552 di·
1369 496 1371 500 ‘

60 597 215 684 xisse1).

170 724 325 790 10-15.
383 722 451 789 His
488 723 722 802 Plutarchus,
756 744 854 809 quae
883 725 1031 793 duobus
1059 725 1148 792 locis
1179 724 1245 791 Ta·

60 844 156 910 citus
203 843 250 910 de
295 843 514 909 contusione
561 841 860 911 Othonianorum
903 847 1027 925 tradit,
1077 845 1243 911 breviter

61 963 356 1049 comprehendit.
409 955 568 1058 Ἰὀίφρων
596 953 688 1031 ὅντα
715 955 830 1052 μεστὰ
856 963 917 1033 καὶ
945 957 1161 1060 ὀρυγμάτων
1188 983 1246 1030 co-

61 1086 221 1150 haerent
250 1103 332 1149 cum
354 1083 577 1168 praeruptis
605 1083 796 1169 utrimque
825 1085 946 1162 fossis,
974 1104 1072 1170 quae
1100 1090 1187 1151 sunt
1205 1085 1242 1150 in

61 1204 195 1270 eodem
223 1202 401 1288 loquendi
430 1202 642 1286 complexu3
681 1223 778 1288 quae
804 1224 887 1270 curn
907 1203 1082 1271 redderet
1100 1205 1243 1270 Plutar-

61 1324 165 1402 chus,
205 1342 282 1389 non
322 1327 397 1389 tam
426 1322 543 1388 verba
572 1323 687 1390 Taciti
715 1343 829 1408 quam
864 1325 1029 1391 locorum
1058 1328 1242 1402 naturam,

61 1444 168 1510 cuius
197 1444 278 1527 ipse
306 1443 408 1509 haud
437 1443 592 1528 ignarus
621 1448 701 1509 erat
715 1436 751 1527 ⁶²),
780 1445 904 1511 nescio
933 1464 979 1511 an
1008 1445 1164 1511 intuitus
1184 1444 1241 1511 sit.

170 1563 324 1629 15-28.
381 1563 484 1629 Haec
520 1581 611 1628 vero
647 1583 760 1648 quam
797 1565 966 1648 proxime
1003 1565 1049 1631 ad
1079 1564 1244 1631 similitu·

61 1684 187 1750 dinem
225 1683 341 1749 Taciti
379 1683 554 1749 accedere
591 1683 674 1767 quis
703 1702 777 1750 non
807 1685 933 1751 videt?
975 1685 1120 1750 Pariter
1148 1691 1244 1751 uter-

61 1823 137 1888 que
177 1803 248 1868 hoc
288 1803 396 1887 quasi
438 1803 629 1888 singulare
666 1808 853 1869 certarnen
891 1797 1057 1887 eiiert3);
1087 1805 1146 1870 hic
1183 1803 1243 1870 de·

62 1943 162 1990 mum
198 1922 398 2007 utrobique
426 1924 649 2008 cognomina
676 1923 864 2008 legionum
894 1930 1242 2001 commemorantur,

63 2063 223 2129 quarum
265 2048 387 2109 tamen
430 2043 468 2109 in
505 2043 683 2110 Historiis
716 2048 803 2110 ante
839 2044 936 2110 facta
966 2044 1103 2110 mentio
1131 2044 1240 2128 est).

63 2163 204 2232 Omnes
233 2168 356 2230 autem
386 2163 647 2230 similitudines
676 2183 895 2230 enumerare
920 2183 1241 2248 supervacaneum

61 2289 120 2352 est
147 2284 184 2349 in
212 2288 389 2368 promptu
417 2284 559 2367 positas
573 2276 617 2368 ί’));
646 2301 762 2349 unum
782 2285 852 2350 hoc
870 2289 1029 2362 notetur,
1048 2283 1239 2349 Plutarchi

60 2393 137 2500 ἤδη
176 2402 213 2471 u·—
249 2400 397 2498 γηραιοὶ
427 2400 487 2470 καὶ
517 2395 814 2493 παρακμάζοντες
849 2404 1005 2470 fluxisse
1043 2424 1088 2470 ex
1118 2403 1243 2470 verbis

60 2523 179 2590 Taciti
207 2526 326 2589 uetere
351 2523 479 2608 ploriu
508 2521 685 2607 insipere.
729 2522 822 2588 Nam
853 2523 996 2590 Graeca
1024 2523 1087 2589 illa
1116 2527 1151 2588 et
1177 2543 1244 2607 per

60 2663 103 2710 se
139 2663 160 2709 a
188 2642 264 2710 fide
294 2634 539 2727 abhorrenti)
568 2648 604 2709 et
631 2646 845 2729 repugnant
878 2643 1017 2721 Tacite,
1047 2643 1110 2728 qui
1144 2643 1161 2737 l
1194 2643 1238 2710 61

165 2877 187 2953 ¹)
223 2885 291 2948 ΤοῖςΙ
323 2876 570 2958 προτεταγμένοις,
603 2879 651 2935 cui
685 2879 773 2936 verbo
801 2878 916 2936 instant
938 2879 1024 2936 Fabia
1048 2897 1075 2953 p.
1101 2880 1150 2949 70,
1175 2877 1243 2936 Val-

59 2983 169 3056 rnaggi,
186 2979 462 3051 Constans-Girbal,
486 2999 502 3038 e
520 2980 665 3055 plerasque
686 2980 799 3055 ipuurr's
821 2999 893 3056 quoe
905 2999 992 3039 οοαεο
1007 2980 1155 3038 salutandi
1169 2981 1242 3039 duc-

59 3094 126 3144 tum
147 3090 209 3157 est,
234 3090 264 3143 et
282 3084 412 3158 primum
436 3083 525 3140 eciem
549 3083 612 3159 (etr.
635 3083 664 3141 ΙΙ
680 3086 718 3141 41
737 3085 833 3157 extr),
850 3101 909 3141 non
925 3091 1114 3159 postremam,
1128 3084 1241 3144 saluta-

59 3189 144 3246 visse
166 3186 305 3262 perfacile
327 3186 496 3261 apparebat.
532 3185 575 3244 De
597 3193 657 3254 τοῖς
679 3180 853 3264 μὲν-τοῖς
875 3184 908 3247 δέ
929 3205 956 3245 v.
981 3189 997 3245 7
1021 3186 1082 3244 dixi
1107 3187 1136 3243 in
1153 3185 1241 3244 Prae·

58 3290 185 3364 latione3
209 3291 261 3348 cfr.
285 3289 392 3346 Lenius
416 3307 443 3364 p.
469 3289 528 3346 145
549 3306 593 3363 sq.

165 3392 188 3465 ²)
211 3392 280 3449 Vid.
303 3391 335 3448 P.
361 3389 394 3449 Ο.
419 3392 466 3448 14.
495 3423 530 3432 -
557 3391 615 3448 on.
640 3390 742 3464 llardy
765 3391 802 3448 ad
826 3392 906 3449 hunc
929 3392 1041 3449 locum:
1065 3392 1120 3448 »As
1143 3397 1173 3448 at
1190 3390 1241 3448 the

58 3502 184 3572 present
206 3495 264 3568 day
288 3495 338 3552 the
361 3493 434 3552 level
458 3498 586 3566 country
608 3494 699 3551 about
721 3494 771 3551 the
795 3494 836 3551 Po
860 3494 960 3567 region
985 3511 1048 3550 was
1067 3493 1185 3551 divided
1202 3512 1242 3568 up

59 3600 101 3672 by
125 3598 220 3672 dyhes
243 3598 301 3655 and
324 3597 462 3655 ditches».
506 3595 594 3654 Fabia
617 3614 644 3670 p.
670 3597 706 3654 71
731 3613 769 3653 ex
792 3595 823 3654 ΙΙ
847 3597 885 3654 25
905 3595 952 3671 (ad
976 3593 1143 3670 Castorum)
1167 3613 1242 3653 corn-

53 3699 134 3776 pleri
154 3700 252 3774 fossus
278 3700 390 3758 lentem
406 3716 595 3757 communem
611 3699 729 3774 utrique
745 3704 864 3773 praesto
881 3698 973 3756 tuisse
989 3699 1154 3756 contortius
1171 3716 1240 3756 con-

58 3803 164 3862 cludit.

164 3905 188 3977 ³)
212 3904 402 3964 dichorius
427 3922 454 3979 p.
480 3904 548 3974 147,
572 3902 674 3975 Hardy
698 3921 725 3977 p.
750 3903 820 3961 256.

164 4008 187 4080 ⁴)
211 4007 303 4065 Velut
325 4007 339 4065 I
364 4009 412 4080 61,
436 4006 466 4064 H
490 4007 539 4063 24.
584 4005 641 4063 Cir.
665 4004 930 4082 Gersteneckerp.
956 4009 1006 4065 54.

165 4110 188 4185 ⁵)
213 4109 271 4168 err.
295 4110 381 4168 Fabia
404 4127 431 4184 p.
457 4110 504 4166 71.

165 4213 189 4289 ⁶)
213 4213 272 4271 Gir.
297 4213 411 4286 Hardy:
439 4210 517 4269 »The
540 4211 663 4285 legions,
687 4211 835 4283 however,
859 4229 938 4269 were
960 4209 1132 4283 constantly
1155 4210 1243 4285 being

59 4316 209 4376 reoruited
232 4315 306 4374 with
339 4332 444 4388 young
478 4313 573 4386 blood,
600 4313 657 4370 and
681 4313 769 4371 could
803 4331 893 4372 never
915 4314 951 4372 be
974 4313 1039 4371 said>
1061 4320 1091 4371 to
1115 4313 1150 4372 be
1173 4319 1242 4389 past
