2978 4800
1199 255 1258 314 149

121 452 312 539 designari
339 451 428 517 tacit
456 450 497 516 G.
528 450 574 515 21
607 454 711 525 extr„
736 446 836 532 quod
856 446 895 512 in
915 464 1080 511 mensem
1100 443 1300 511 Octobrem
1416 486 1418 495 ι

122 592 154 637 a.
186 572 453 638 68‘incurrere
481 570 562 635 veri
590 566 708 634 simile
733 569 789 632 est
803 557 838 650 ¹).

223 777 264 842 P.
300 775 342 844 G.
374 777 434 853 19,
463 785 546 836 3-6.

164 919 180 989 ὁ
203 922 233 988 δὲ
255 925 403 1007 φοβηθείς,
426 918 466 994 ὥς
483 920 522 1004 μὴ
537 917 625 1003 μόνον
640 915 688 983 διυὶ

120 1021 154 1090 ιδ
177 1028 273 1109 γῆρας,
298 1019 374 1089 ἄλλα
395 1020 445 1088 καὶ
467 1018 515 1088 δια
535 1018 586 1105 τὴν
603 1020 690 1088 υἱπαι·

121 1126 184 1189 διἀν
211 1122 492 1207 καταφρονούμενος,
524 1120 688 1210 ἐβουλεύετο

120 1234 211 1291 παῖδα
234 1228 347 1290 θέσθαι
373 1228 432 1290 τῶν
454 1226 601 1307 ἐπιφανῶν
623 1252 688 1289 τινα

120 1329 267 1392 νεανίσκον
300 1325 349 1392 καλ
380 1323 515 1410 διάδοχον
538 1324 689 1404 ἀποδεῖξαι

121 1431 172 1511 τῆς
196 1428 292 1512 terte-

226 1641 267 1706 Ρ.
303 1639 345 1708 G.
375 1642 433 1706 21.

170 1793 183 1847 1
205 1791 249 1847 -2
270 1784 347 1852 Ἀλλ’
371 1779 421 1852 οὖν
439 1787 643 1870 βουλευομένου
659 1814 690 1870 γε

123 1891 175 1954 τοῦ
221 1885 329 1973 Γάλβα
370 1887 435 1971 περὶ
471 1889 604 1974 διαδόχου
640 1889 691 1954 τὸν

117 1987 239 2055 Ὄθωνα
253 1994 423 2075 παρεισῆγεν
444 1988 460 2058 ὁ
486 1990 599 2065 Οὐίνιος
621 2041 628 2054 .
654 2041 690 2063 ι.

171 2097 293 2153 11-12
312 2090 400 2158 Ὅθεν
415 2091 544 2166 οἰκούσας
558 2095 610 2160 τοῦ
626 2092 690 2159 Οὐι-

124 2196 184 2259 νίου
213 2197 305 2278 σιωπῇ
336 2193 385 2260 καὶ
406 2192 509 2282 πρᾴως
530 2192 689 2276 ὑπερέθετο

123 2292 172 2377 τὴν
196 2294 337 2362 διάθεσιν.

230 2507 299 2572 His
328 2511 402 2573 tam
431 2508 612 2594 gravibus
640 2509 782 2574 nuntiis
810 2527 1028 2594 percussum
1048 2506 1206 2574 Galbam
1225 2505 1308 2571 Plu·

128 2627 279 2692 tarchus
300 2635 428 2693 auctor
447 2632 512 2706 est,
531 2629 723 2695 hauddum
743 2628 911 2695 confecto
932 2646 1030 2694 anno
1050 2627 1108 2704 68,
1129 2627 1175 2693 de
1196 2625 1308 2709 adop·

129 2747 244 2812 tando
270 2745 349 2812 filio
379 2747 607 2814 deliberasse
621 2741 659 2832 β).
716 2748 820 2814 Titus
849 2747 982 2814 Vinius
1009 2766 1092 2812 cum
1121 2745 1308 2813 Othonem

129 2867 477 2945 commendavisset,
508 2866 626 2933 Galba
654 2887 733 2934 rem
761 2868 799 2933 in
828 2872 1018 2952 posterum
1048 2865 1185 2933 differt.
1242 2865 1309 2931 Ta·

128 3035 299 3043 -—.--—--—
314 3035 332 3039 ι·-

232 3135 254 3211 1)
278 3137 355 3195 Huic
377 3137 442 3196 loco
466 3136 646 3196 Plutarchus
669 3137 761 3196 eade
783 3141 852 3195 ante
874 3141 941 3194 acta
964 3133 1090 3194 Othonis
1114 3136 1174 3193 vita
1197 3135 1310 3207 inserit,

130 3256 207 3313 quae
230 3237 351 3296 Tacitus
374 3239 387 3296 Ι
413 3241 450 3297 13
474 3244 544 3314 post
565 3239 704 3297 nuntium
733 3239 816 3297 exuti
844 3238 1020 3296 sacramenti
1044 3237 1087 3312 (P.
1104 3235 1137 3295 G.
1155 3238 1206 3311 22)
1223 3237 1308 3295 stric-

129 3341 183 3397 tim
205 3339 334 3414 attingit.
608 3325 609 3328 ¹

233 3438 258 3514 ²)
289 3441 348 3500 (lh.
381 3442 559 3515 Mommsen,
592 3443 765 3502 Romisches
789 3441 973 3501 Staatsrecht
1003 3442 1030 3517 I³
1054 3461 1082 3517 p.
1107 3443 1168 3500 589
1191 3442 1257 3499 adn.
1281 3443 1309 3500 3.

128 3545 154 3603 Ε
178 3543 262 3602 Suet.
288 3543 376 3620 Vesp.
400 3547 418 3602 5
443 3550 559 3602 tanturn
582 3546 775 3620 cognoscitur
797 3563 857 3603 ιιοιι
877 3544 970 3602 multo
989 3549 1055 3618 post
1077 3544 1165 3601 finem
1183 3543 1309 3602 Neronis

128 3647 245 3707 coniitia
268 3646 573 3705 ευαιιαλιυοιιεαίαίαε
594 3646 685 3704 inisse
711 3646 842 3705 Galbam.
887 3646 1048 3704 Plutarcho
1076 3645 1156 3703 lavet
1179 3644 1311 3712 Tacitus,

128 3712 196 3808 5curn
220 3750 235 3808 I
261 3751 298 3808 12
322 3768 382 3807 noa
404 3767 473 3807 sane
495 3749 662 3808 crebriorem
682 3754 739 3807 tota
753 3748 864 3807 οιύιιουι
878 3766 1040 3807 sarmatam
1048 3766 1103 3823 par
1117 3747 1184 3805 illos
1198 3766 1311 3807 menses

129 3853 224 3910 fuisse
254 3852 326 3910 dicit
353 3870 443 3927 quam
467 3852 503 3910 de
525 3851 684 3928 adoptione
706 3852 816 3910 lutura.
853 3849 947 3923 Quam
969 3851 999 3908 in
1022 3850 1228 3924 cogitationem
1252 3850 1309 3907 iam

130 3971 208 4011 anno
243 3956 282 4013 68
316 3953 439 4013 Galbam
469 3953 596 4013 adduxit
617 3954 806 4013 immodestia
836 3953 1023 4012 exercituum
1053 3951 1308 4028 Germanicorum

130 4055 182 4114 cfr.
216 4073 292 4131 quae
325 4063 502 4133 sequuntur.
547 4056 727 4115 Plutarchus
762 4055 916 4114 brevitatis
950 4056 1043 4130 gratia
1065 4054 1214 4112 triferioris
1238 4053 1309 4114 Ger·

133 4158 246 4216 maniae
279 4157 413 4233 legiones
442 4159 502 4216 iam
524 4159 573 4216 hic
594 4150 633 4220 τοὶ
653 4151 709 4220 ὑπὸ
732 4151 889 4236 Οδϊτελλίῳ
911 4157 991 4227 dicit,
1014 4157 1067 4215 etsi
1093 4155 1232 4215 Vitellius
1256 4159 1312 4215 sub

26 4257 32 4268 '
131 4260 272 4319 kalendas
300 4261 476 4319 Decembres
500 4261 620 4319 demum
643 4261 826 4335 provinciam
850 4266 898 4319 est
919 4260 1074 4333 ingressus
1098 4258 1147 4332 (H.
1169 4258 1184 4316 I
1208 4261 1269 4333 52).
