2978 4800
204 257 243 315 92

160 445 429 514 Gerstenecker
468 465 504 530 p.
537 448 583 513 17
612 445 702 512 ferri
742 464 855 530 posse
893 447 1009 531 negat
1050 442 1250 511 Caecinam
1293 443 1337 508 ad

159 566 278 633 locum
308 586 329 633 a
357 585 397 632 se
426 570 511 632 ante
539 569 759 650 occupatum
787 565 921 650 pedem
949 563 1148 640 rettulisse,
1178 581 1256 628 uon
1285 567 1338 629 est

159 705 354 773 regressus
384 685 552 763 Caecina,
580 685 645 751 sed
675 685 723 752 ad
750 684 894 763 urbem,
924 703 999 769 qua
1025 683 1260 768 praemissae
1285 701 1338 748 co

158 806 285 873 hortes
327 805 404 886 (cfr.
447 805 485 871 ΙΙ
529 804 591 889 17)
632 805 772 888 potitae
805 807 923 882 erant,
952 821 1190 889 progressus.
1245 801 1338 868 Reli·

158 945 253 1010 quas
282 924 567 993 Gersteneckeri
599 924 763 990 rationes
799 924 944 990 mittere
972 941 1185 1008 possumus.
1243 921 1338 998 Quo

157 1046 258 1111 niam
299 1045 413 1131 igitur
454 1044 543 1128 quid
572 1044 708 1110 sentiat
735 1042 894 1128 scriptor
921 1048 1092 1128 apertum
1122 1046 1195 1120 est,
1225 1042 1337 1107 maxi·

157 1184 256 1231 mum
284 1165 370 1231 hinc
398 1164 544 1231 ducitur
573 1167 843 1250 argumentum,
862 1182 938 1247 quo
957 1162 1123 1228 Tacitum
1147 1167 1336 1228 auctorem

157 1303 239 1351 esse
279 1284 468 1350 Plutarchi
509 1283 803 1363 demonstratur;
842 1302 917 1367 quo
945 1283 998 1348 uti
1026 1301 1100 1348 non
1129 1281 1234 1348 licuit
1254 1280 1338 1348 Ger-

157 1403 375 1470 steneckero
405 1412 479 1482 aut,
508 1403 684 1488 quicum
714 1408 862 1469 secutus
890 1406 955 1480 est,
973 1401 1096 1467 Lezi0.
1140 1400 1239 1466 Nam
1258 1400 1338 1467 Plu-

156 1523 273 1589 tarchi
302 1515 527 1591 κινδυνεύειν
559 1521 596 1591 δὲ
624 1512 714 1605 τοὺς
741 1524 779 1589 ἐν
807 1513 986 1622 Κρεμώνῃ
1015 1538 1034 1586 e
1063 1520 1195 1586 verbis
1224 1520 1338 1587 Taciti

156 1642 224 1708 ubi
244 1642 403 1728 putarem
436 1641 639 1710 Caecinam
662 1661 818 1729 perpere
848 1639 1070 1709 Cremonam
1090 1641 1244 1726 occepit
1262 1659 1339 1726 per·

155 1780 284 1846 peram
329 1761 522 1828 intellectis
564 1761 674 1828 ducta
712 1779 793 1827 esse
821 1760 1059 1826 manifestum
1090 1752 1207 1845 est1);
1239 1761 1339 1845 quod

157 1886 418 1968 argumentum
445 1880 563 1947 Fabia
591 1900 626 1966 p.
657 1882 706 1947 55
736 1900 791 1965 sq.
820 1880 961 1946 frustra
990 1879 1132 1946 diluere
1166 1884 1336 1948 conatur.

155 2002 247 2068 Item
290 2006 412 2068 cetera
440 2020 538 2086 quae
571 2001 793 2067 Plutarchus
829 2001 993 2085 exponit,
1022 2004 1063 2066 ut
1089 2019 1191 2084 quae
1221 2000 1334 2068 Taciti

154 2121 234 2188 loco
285 2121 469 2187 simillima
515 2121 599 2199 sint,
647 2140 693 2187 ex
738 2121 808 2187 hoc
853 2140 929 2187 uno
975 2120 1169 2186 fluxerunt
1185 2113 1227 2206 ⁶²).
1288 2120 1328 2187 n

155 2239 315 2335 πλησίον
344 2239 415 2308 τῶν
442 2240 625 2328 πολεμίων
655 2241 701 2307 ad
728 2241 941 2307 Betriacum
961 2244 1128 2325 spectare
1156 2238 1325 2328 perspici-

155 2363 214 2425 tur
243 2378 262 2425 e
289 2360 330 2425 P.
361 2359 404 2428 O.
426 2360 448 2427 8
470 2359 623 2456 πολίχνη
646 2360 805 2456 πλησίον
826 2352 1026 2457 Κρεμώνης
1045 2350 1085 2427 ui
1105 2351 1334 2455 Βητριακὸν.

257 2480 371 2547 7-8.
427 2480 507 2547 Ηοο
542 2481 636 2547 adeo
671 2481 808 2547 dictum
838 2485 893 2547 est
921 2479 1142 2558 summatim,
1174 2480 1274 2548 nihil
1302 2485 1339 2547 ut

153 2617 249 2683 opus
278 2601 454 2668 sitiente
483 2593 709 2685 separato3).

256 2720 395 2787 8-25.
453 2721 557 2797 Quae
597 2720 713 2786 refert
753 2721 975 2787 Plutarchus
1017 2719 1168 2786 veritati
1209 2739 1338 2786 rerum

153 2858 228 2904 non
248 2859 330 2906 esse
349 2845 599 2907 consentanea
619 2841 716 2908 inter
735 2860 864 2907 omnes
882 2839 1066 2918 convenit,
1082 2841 1338 2925 posteaquam

255 3107 278 3184 ¹)
306 3109 383 3177 Quid
408 3110 527 3168 Οοοοίεα
543 3116 661 3184 peroret
682 3111 772 3169 etiam
794 3128 902 3186 anceps
925 3110 989 3167 luit.
1014 3143 1051 3151 --
1077 3108 1136 3167 Cir.
1155 3107 1189 3167 P.
1213 3108 1250 3167 Ο.
1269 3113 1288 3169 3
1305 3111 1339 3168 de

152 3209 242 3269 Ostia.
286 3212 340 3270 llis
372 3212 488 3270 duobus
521 3212 595 3270 locis
629 3214 806 3272 recentiores
840 3230 960 3289 quoque
983 3211 1075 3270 Taciti
1097 3211 1284 3287 interpretes
1307 3213 1336 3271 in

150 3313 277 3371 eundem
300 3332 429 3372 errorem
452 3315 619 3373 inciderunt
642 3333 730 3391 quem
753 3315 942 3373 Plutarchus

253 3431 276 3507 2)
299 3433 335 3491 ln
357 3427 515 3515 μετήγαγεν
543 3434 703 3493 haeserunt
734 3435 908 3508 Mommsen,
931 3434 1055 3492 Hermes
1079 3431 1106 3488 V
1127 3451 1156 3508 p.
1183 3435 1256 3508 163,
1281 3434 1333 3492 Le·

151 3535 215 3592 zius
249 3554 276 3610 p.
312 3539 369 3595 111
405 3537 472 3594 adn.
502 3539 527 3606 1,
554 3537 641 3595 Fabia
663 3556 691 3614 p.
715 3539 764 3607 56,
787 3537 851 3595 sine
874 3554 962 3595 causa
984 3536 1027 3594 illi
1050 3535 1180 3612 quidem.
1226 3535 1332 3614 Neque

149 3637 227 3695 enim
250 3638 321 3697 huic
343 3640 433 3698 verbo
457 3657 575 3715 semper
597 3639 729 3698 subiecta
751 3645 798 3698 est
822 3638 995 3697 transeundi
1015 3638 1112 3713 not'103
1137 3638 1211 3697 bene
1230 3639 1333 3714 Hardy

149 3758 178 3814 p.
202 3742 241 3799 63
264 3741 408 3815 »brought
430 3760 493 3817 up».
539 3741 658 3800 Gallum
685 3742 769 3800 laeva
792 3742 863 3800 Padi
888 3741 951 3817 ripa
972 3760 990 3799 a
1013 3740 1129 3800 Verona
1151 3739 1333 3801 Cremonam

151 3860 257 3901 versus
287 3844 431 3918 legionem
466 3844 599 3918 duxisse,
627 3864 695 3904 cum
719 3844 886 3921 Spurinnae
909 3845 1051 3902 nuntium
1075 3843 1233 3919 acciperet,
1260 3843 1332 3904 Ger·

151 3946 305 4004 stenecher
329 3965 357 4021 p.
376 3948 413 4004 12
431 3965 475 4023 sq.
492 3949 618 4006 refutato
634 3948 830 4006 Mommsenio
845 3947 987 4022 obtinuit3
1004 3964 1060 4005 nec
1075 3952 1182 4020 tamen,
1205 3947 1239 4004 id
1252 3948 1333 4024 quod

148 4046 258 4106 Lezius
280 4055 310 4107 et
331 4048 380 4106 alii
401 4055 517 4124 putant,
540 4068 608 4108 cum
632 4049 731 4108 Tacito
754 4057 869 4125 pugnat
891 4049 1041 4108 Plutarchi
1057 4041 1226 4129 μετήγαγεν,
1244 4051 1333 4110 modo

150 4156 228 4212 recte
249 4151 489 4226 interpretemur.

251 4269 275 4345 ³)
299 4271 361 4329 Hoc
383 4271 470 4329 Fabia
493 4290 520 4347 p.
545 4275 584 4331 56
608 4273 751 4331 concedit.
