2978 4800
93 246 240 311 *11

167 463 248 510 sum
289 443 381 510 illud
423 443 573 529 quidem
617 448 673 510 est
708 444 781 510 iam
818 444 907 510 inde
936 464 957 510 a
984 436 1126 511 renatis
1161 437 1351 527 litteris1),

165 582 295 629 verum
331 563 545 650 diligentius
581 568 717 642 tamen,
748 567 788 630 ut
819 563 873 640 fit,
907 567 992 630 ante
1020 568 1186 630 nostram
1214 583 1353 630 memo·-

165 683 257 748 riam
287 682 384 748 hanc
411 683 448 748 in
477 701 555 748 rem
575 701 650 748 non
671 686 726 749 est
744 683 975 768 inquisitum.
1014 681 1089 749 Gur
1110 686 1214 749 tanto
1233 702 1349 766 opere

165 802 401 869 consentiant
429 801 504 868 duo
531 802 583 868 illi
609 802 820 886 scriptores
842 802 932 887 quid
952 802 1008 881 sit,
1028 802 1176 868 duabus
1196 803 1352 868 rationi--

165 921 235 988 bus
272 921 449 1007 explicari
487 941 599 1006 posse
638 942 684 987 ex
722 941 761 988 se
800 921 1043 1008 intellegitur:
1081 926 1145 988 aut
1178 922 1345 988 Tacitum

166 1041 337 1108 adhibuit
372 1041 596 1108 Plutarchus
635 1047 699 1107 aut
734 1061 964 1107 communem
1001 1041 1139 1107 fontem
1168 1045 1343 1126 uterque;

163 1180 239 1227 non
277 1166 332 1228 est
370 1161 529 1228 tertium.
586 1161 644 1240 Et,
680 1165 721 1228 ut
748 1161 882 1227 missos
911 1161 1043 1227 faciam
1073 1161 1285 1245 superiores
1304 1153 1343 1246 ί3),

162 1284 409 1367 posteaquam
439 1281 476 1346 in
505 1280 704 1347 Germania
732 1285 937 1365 praeeunte
966 1280 1182 1346 Hermanno
1210 1281 1344 1347 Petero

163 1419 264 1471 anno
304 1400 401 1467 1865
422 1392 449 1485 3)
484 1401 570 1466 huic
602 1401 656 1466 rei
684 1401 817 1466 navari
846 1407 977 1485 coepta
1005 1419 1120 1485 opera
1149 1405 1216 1478 est,
1246 1400 1348 1466 duae⁴

162 1519 264 1586 viros
304 1520 432 1586 doctos
474 1519 659 1586 distinent·
695 1519 913 1586 sententiae.
970 1520 1136 1597 Quarum
1175 1520 1346 1598 alteram,

161 1658 259 1724 quae
297 1639 463 1705 Tacitum
492 1658 513 1704 a
541 1638 742 1706 Plutarcho
778 1658 982 1723 numquam
1019 1639 1226 1724 inspectum
1260 1659 1344 1704 esse

161 1763 299 1837 censet,
328 1759 438 1844 plura
474 1778 554 1824 eam
590 1758 740 1843 quidem
769 1762 907 1843 puncta
936 1759 1065 1825 tulisse
1093 1777 1167 1824 non
1197 1763 1253 1824 est
1282 1778 1347 1824 ne*

160 1878 337 1964 gaudum.
382 1878 492 1944 Velut
510 1879 726 1958 Mommsen,
748 1880 922 1945 Peterum
942 1881 1100 1956 secutus,
1121 1897 1219 1944 anno
1242 1878 1342 1945 1870

159 1998 197 2063 in
225 1998 489 2065 commentario
517 1998 704 2065 luculento
722 1991 748 2083 4)
778 1996 949 2064 Gluvium
978 1996 1129 2075 Rufum,
1153 2000 1195 2062 ut
1219 2017 1236 2062 a
1259 1997 1341 2063 Plu-

160 2117 300 2196 tarch0,
331 2118 431 2184 sica
461 2118 587 2184 Tacito
614 2137 730 2184 unum
759 2137 978 2202 expressum
1007 2116 1148 2196 docuit;
1176 2136 1244 2183 nec
1268 2117 1344 2184 dis-1

159 2237 275 2303 sensit
312 2237 446 2304 Nissen
465 2231 504 2321 5),
534 2237 605 2304 nisi
643 2237 743 2322 quod
782 2237 942 2303 Plinium
977 2255 1207 2302 communem
1236 2236 1338 2303 illurn

160 2361 346 2423 auctorem
376 2357 598 2437 nominavit;
625 2357 686 2423 vel
715 2357 847 2423 Ranhe
871 2356 1112 2423 Plutarchum
1138 2356 1337 2441 quicquam

259 2674 281 2753 ¹)
305 2677 364 2736 Gir.
391 2676 539 2751 Xylandri
568 2677 634 2735 adn.
658 2682 727 2752 post
755 2674 878 2734 Galbam
901 2682 932 2734 et
955 2674 1115 2750 Othonem;
1140 2675 1245 2734 Iustus
1268 2675 1337 2751 Lip-

156 2779 219 2838 sius
242 2780 280 2838 ad
304 2779 372 2838 Tac.
398 2779 473 2837 Hist.
498 2778 526 2836 ΙΙ
550 2779 590 2837 39
614 2784 643 2837 θῖ
665 2777 696 2836 Π
720 2780 768 2837 77.

257 2899 280 2972 2)
304 2898 456 2972 Xylandro
479 2903 510 2956 et
531 2897 634 2973 Lipsio
657 2896 837 2955 Plutarchus
855 2896 1005 2955 »Tacitum
1025 2897 1186 2954 amavisse»
1203 2896 1333 2971 videtur3

152 3003 222 3062 item
246 3001 399 3075 Heerenio,
412 2998 572 3074 Gottingae
586 3018 611 3057 a.
625 3000 715 3058 1820.
727 2997 845 3074 Negant
860 2999 968 3071 Hirzel,
986 3017 1084 3074 progr.
1101 2997 1295 3073 Stuttgartiae
1310 3017 1335 3056 a.

155 3106 250 3179 18513
276 3103 516 3176 Wiedemaun,
534 3103 576 3161 De
603 3101 714 3175 Tacito,
744 3100 894 3176 Suetonio,
921 3101 1089 3175 Plutarcho,
1111 3100 1215 3159 Cassio
1242 3101 1336 3159 Dione

152 3225 177 3266 e.
201 3227 228 3283 q.
252 3225 283 3275 s,
306 3207 378 3264 diss.
408 3205 536 3263 Beroliui
560 3223 584 3262 a.
611 3206 705 3279 18573
739 3204 882 3278 Schmidt,
898 3222 998 3280 progr.
1020 3203 1110 3262 lenae
1134 3222 1160 3262 a.
1187 3205 1276 3262 1860.
1293 3237 1333 3245 --

152 3308 330 3368 Guilielmus
355 3309 482 3383 Lagus,
506 3326 574 3366 curn
599 3307 831 3382 Helsinglorsiae
854 3326 879 3365 a.
904 3308 1114 3367 1846-1848
1137 3307 1248 3365 denen
1266 3307 1335 3364 nul·

151 3412 190 3471 lis
208 3411 361 3470 Plutarchi
384 3411 515 3470 fontibus
539 3410 683 3468 Romanis
706 3410 855 3486 praeclare
876 3410 997 3484 egisset,
1020 3409 1215 3467 Plutarchum
1238 3408 1333 3466 Taciti

153 3515 332 3586 studiosum,
355 3519 501 3590 quantum
525 3513 595 3580 scio,
620 3531 679 3570 non
701 3512 810 3587 attigit.

254 3632 277 3709 3)
300 3634 354 3692 Die
388 3631 513 3705 Quellen
547 3631 705 3690 Plutarchs
736 3632 766 3689 in
799 3632 857 3690 den
888 3631 1104 3708 Biographieen
1135 3632 1188 3690 der
1216 3631 1337 3704 Romer,

150 3737 235 3796 Halis
259 3737 412 3795 Saxonum
435 3755 460 3792 a.
485 3737 581 3810 1865,
607 3735 686 3793 hunc
711 3735 821 3792 librum
843 3753 897 3810 per
918 3742 1020 3792 notam
1037 3733 1171 3792 »Petam
1187 3734 1331 3808 significo.

251 3855 275 3934 4)
299 3855 453 3915 Cornelius
477 3854 598 3925 Tacitus
621 3855 685 3912 und
710 3854 836 3913 Cluvius
855 3854 961 3928 Rufus,
981 3853 1113 3926 Hermes,
1137 3873 1162 3912 a.
1189 3854 1279 3929 1870,
1302 3872 1336 3929 p..

150 3962 210 4020 295
234 3978 298 4036 sqq.
322 3959 574 4034 (›>Mommsen›>).

250 4081 274 4155 5)
298 4080 351 4137 Die
372 4079 526 4137 Historieu
546 4079 598 4137 (les
622 4077 748 4151 Plinius,
772 4077 847 4136 llus.
870 4076 972 4148 Rham,
990 4095 1015 4134 a.
1034 4078 1124 4150 1871,
1141 4094 1168 4152 p.
1185 4078 1246 4134 497
1265 4094 1333 4153 sqq.

148 4180 200 4257 (›>N
205 4182 338 4254 issem).
