2978 4800
568 408 617 473 II.
674 407 717 472 V.
751 408 914 474 11—53.

224 573 225 576 ’
257 578 312 643 Ι)θ
353 578 536 644 seditione
577 578 903 664 praetorianorum
945 597 1042 664 quae
1081 597 1101 644 a
1131 577 1331 644 Plutarcho

153 696 354 764 traduntur
370 697 416 764 de
433 697 560 764 Tacito
574 717 748 765 manasse
764 699 988 784 gravissima
1000 702 1087 764 sunt
1098 703 1329 784 argumenta.

156 817 209 882 Ac
244 817 405 902 primum
434 837 533 883 nunc
560 819 657 885 inter
684 837 814 884 omnes
842 822 987 884 constat
1015 836 1163 883 errasse
1191 816 1332 882 Plutar-

96 974 99 978 ·
152 936 273 1015 chum,
316 936 417 1021 quod
460 936 588 1004 Ostiae
625 937 822 1004 tumultum
860 943 1029 1004 exortum
1062 929 1198 1021 fecit1).
1256 936 1333 1002 Hoc

151 1075 234 1122 cum
262 1057 314 1123 ita
343 1056 401 1134 sit,
431 1057 591 1123 maxime
629 1057 793 1124 notabile
827 1062 883 1123 θεῖ
910 1057 1076 1122 Tacitum
1105 1077 1141 1122 u.
1175 1055 1222 1122 16
1251 1075 1330 1141 sqq.

152 1175 196 1242 iis
225 1176 278 1242 uti
307 1175 445 1254 verbis,
489 1175 626 1261 quibus
665 1176 774 1243 facile
814 1177 911 1243 idem
948 1176 1050 1262 quod
1076 1176 1164 1242 dicit
1192 1175 1333 1243 Plutar-

152 1295 243 1361 chus
272 1295 478 1381 signiiicari
505 1296 648 1362 eredas.
706 1295 802 1373 Quin
833 1297 885 1362 sic
913 1316 956 1362 ea
984 1296 1220 1381 interpretati
1250 1299 1334 1362 sunt

152 1415 256 1481 multi
284 1415 542 1494 recentiorum,
573 1422 613 1482 ut
642 1415 802 1483 Orellius
821 1408 847 1497 ι3)
877 1423 913 1482 θῖ
940 1416 1144 1482 Mommsen
1158 1407 1199 1501 3).
1257 1415 1333 1482 Iam

152 1554 244 1600 vero
284 1554 440 1619 prorsus
477 1535 694 1602 incredibile
731 1542 787 1603 est
829 1536 924 1602 adeo
964 1536 1060 1601 inter
1102 1555 1142 1602 se
1183 1555 1335 1602 eonsen-

154 1655 247 1720 sisse
280 1655 515 1721 narrationes
558 1656 673 1721 Taciti
715 1661 750 1721 et
789 1655 904 1721 fontis
934 1655 1150 1730 communis,
1181 1655 1219 1722 in
1250 1675 1335 1722 eun·
1406 1683 1408 1687 ¹

152 1773 237 1839 dem
275 1793 439 1840 errorem
467 1780 509 1840 ut
534 1775 701 1861 legentes
730 1757 907 1859 raperent
921 1768 960 1859 4).
1017 1775 1150 1859 Itaque
1178 1777 1336 1842 certissi-

152 1912 252 1958 mum
290 1893 359 1959 hoc
398 1892 573 1959 indicium
616 1900 671 1960 est
709 1894 950 1979 praecipuum
984 1894 1174 1961 Plutarchi
1204 1894 1335 1961 ducem

153 2011 269 2080 fuisse
297 2013 474 2079 Tacitum.
517 2085 519 2088 ,

256 2133 387 2217 Neque
415 2134 524 2218 parvi
553 2137 609 2200 est
637 2135 824 2214 momenti,
851 2136 951 2220 quod
973 2135 1006 2201 ei
1024 2134 1200 2212 contioni,
1223 2153 1334 2220 quam

155 2253 303 2320 Tacitus
340 2253 526 2320 Othonem
555 2253 755 2321 habentem
784 2256 936 2332 inducit,
966 2255 1077 2340 plane
1105 2255 1337 2339 respondent

156 2392 252 2458 quae
289 2373 377 2438 dicit
414 2372 513 2439 Otho
543 2373 642 2457 apud
671 2374 911 2441 Plutarchum
925 2367 964 2462 5).
1020 2374 1115 2439 Nam
1144 2375 1335 2441 orationes

154 2493 284 2559 saltem
326 2492 440 2558 Taciti
482 2498 579 2559 totas
616 2512 661 2559 ex
698 2495 816 2579 ipsius
852 2496 1003 2581 ingenio
1035 2493 1224 2578 profectas
1255 2513 1336 2562 esse

152 2613 236 2697 quis
265 2613 404 2679 nescit?
1184 2618 1188 2624 '

256 2733 427 2817 Denique
456 2733 587 2799 unicus
615 2733 675 2799 ille
703 2752 919 2811 consensus,
948 2734 1011 2818 qui
1033 2752 1053 2798 a
1073 2733 1195 2817 primo
1215 2752 1337 2819 usque

155 2851 202 2918 ad
232 2856 438 2919 extremum
466 2853 639 2937 pertinet,
670 2852 761 2919 haec
790 2853 916 2920 Tacito
946 2853 1086 2919 auctori
1107 2853 1337 2921 vindicanda

257 3140 279 3213 ¹)
303 3138 361 3197 cn.
385 3139 473 3197 Fabia
496 3159 524 3216 p.
549 3142 587 3197 41
612 3141 678 3198 adn.
705 3143 730 3198 1.

254 3257 277 3333 ²)
300 3258 336 3316 ln
360 3259 497 3317 editionis
521 3277 594 3317 suae
616 3260 867 3318 adnotationibus.
913 3259 1003 3318 Recte
1027 3259 1140 3318 lleiser.

218 3375 220 3379 ’
254 3377 279 3453 3)
311 3378 377 3437 Vid.
411 3379 465 3437 Die
493 3379 658 3438 rdmischen
693 3379 933 3455 Gardetrnppen,
957 3380 1081 3438 Hennes
1104 3379 1177 3437 XVI
1201 3399 1229 3456 p.
1255 3384 1334 3441 645:

152 3481 225 3539 »Der
261 3481 384 3540 Verlauf
417 3481 470 3540 der
502 3481 676 3557 Er‘zdhlung
707 3483 793 3558 zeigt
821 3483 891 3541 dass
920 3483 973 3540 das
996 3482 1261 3541 armamentarium
1284 3485 1337 3544 der

151 3583 280 3642 Cohorte
301 3584 333 3641 in
356 3583 440 3643 Ostia
464 3604 547 3643 nar».

253 3701 276 3778 4)
312 3704 373 3762 Hoc
406 3704 470 3763 loco
506 3705 583 3763 valet
612 3704 688 3762 illud
717 3704 878 3781 Nipperdei
903 3705 943 3777 (in
967 3705 1057 3780 prael.
1079 3704 1117 3761 ad
1139 3706 1218 3762 Anu.
1240 3724 1271 3780 p.
1295 3707 1335 3765 29

148 3806 215 3864 adn.
242 3807 283 3877 ll:
318 3806 389 3864 »Hat
418 3825 450 3865 er
473 3807 548 3864 doeh
571 3825 608 3864 an
632 3807 786 3866 einzelnen
811 3807 922 3865 Stellen
947 3807 1076 3864 clienter
1099 3807 1155 3865 den
1179 3805 1257 3865 Text
1281 3809 1334 3868 des

149 3907 270 3966 Tacitus
301 3909 579 3967 missrerstanden».
625 3909 700 3968 llale
723 3910 809 3967 l'ahiu
833 3928 861 3984 p.
885 3912 919 3966 41
947 3910 1012 3967 adn.
1040 3911 1070 3966 1:
1105 3909 1206 3968 »Oette
1229 3913 1334 3969 conlu-

150 4011 214 4069 sion
240 4010 407 4086 s’explique
429 4012 510 4069 aussi
537 4012 601 4070 bien
625 4011 699 4069 (laris
723 3995 912 4087 l'hypothise
928 4013 964 4070 de
980 4011 1007 4069 la
1023 4014 1235 4071 eommunaute
1251 4013 1290 4073 (le
1306 4014 1334 4072 la

114 4098 119 4105 ’
149 4131 255 4174 source
278 4132 335 4190 que
358 4114 432 4172 dans
456 4113 585 4172 l’autre».
612 4149 648 4157 -
674 4113 731 4172 Cir.
755 4114 787 4171 P.
811 4112 843 4171 O.
869 4116 884 4171 7
910 4114 945 4172 de
969 4113 1113 4172 Cremona
1129 4122 1159 4173 et
1175 4114 1333 4175 Praefatio.

252 4235 274 4309 5)
299 4234 358 4292 Cir.
383 4236 459 4294 inira
481 4235 519 4292 ad
545 4254 571 4293 v.
594 4237 729 4293 47—51.
