2978 4800
151 451 204 508 σης
232 423 280 492 δια
304 424 390 504 δόξαν
417 426 517 506 αὐτοῦ,
538 427 588 493 καὶ
609 431 721 510 μᾶλλον

151 529 244 594 ἔδακεν
276 532 348 594 καθ’
384 527 538 612 ὁμοιοτνγτα
567 533 618 613 τῆς
643 531 721 602 ἰδέας

153 633 251 711 ἐκείνῳ
273 628 432 714 προσίγαενν.

258 847 362 913 Haec
402 847 592 914 Plutarchi
633 846 763 925 verba,
793 866 890 932 quae
931 848 1192 934 cognationem
1221 850 1336 915 Taciti

154 986 246 1052 prae
267 986 306 1033 se
334 967 460 1033 ierunt
472 959 509 1052 1),
526 967 586 1033 vel
606 971 760 1052 propter
779 967 956 1033 maiorem
979 968 1079 1053 apud
1094 968 1334 1034 Plutarchum

155 1087 425 1153 sententiarum
467 1087 611 1172 copiam
654 1106 701 1152 ex
741 1087 925 1153 communi
960 1087 1062 1154 fonte
1091 1088 1247 1155 fluxisse
1275 1107 1335 1154 ne-

151 1225 256 1272 cesse
298 1209 365 1272 est.
423 1205 526 1271 Tacit
513 1209 589 1271 tum
631 1209 755 1272 tamen
792 1207 869 1272 suis
897 1226 941 1273 ea
970 1207 1096 1274 verbis
1124 1207 1335 1275 reddidisse

150 1344 299 1411 suoque
326 1345 436 1391 usum
466 1344 548 1391 esse
576 1325 712 1392 iudicio
742 1330 909 1410 apparet.

256 1445 297 1511 P.
332 1443 375 1514 G.
406 1464 434 1510 c.
466 1445 530 1512 10.

196 1663 321 1722 13-21
344 1661 452 1724 Καίτοι
474 1662 605 1741 φανερᾶς
621 1686 652 1743 γε
667 1660 718 1742 τῆς
812 1663 827 1720 Ι
861 1664 900 1721 53
930 1682 980 1721 nec
1002 1663 1149 1740 (superior
1171 1665 1331 1740 exereitus)

151 1762 295 1844 Νέρωνος
316 1762 444 1842 τελευτῆς
466 1762 613 1844 γενομένης
634 1758 668 1826 τό
686 1786 718 1825 τε
769 1765 831 1822 cisi
860 1765 950 1823 occiso
978 1765 1092 1823 Nerone
1111 1765 1269 1824 translatus
1302 1766 1336 1824 ν’νν

152 1863 271 1944 πλῆθος
280 1863 396 1927 ἐνέκειτο
407 1861 450 1941 τῷ
458 1859 611 1944 Οὐεργινίῳ
620 1862 718 1940 πάλιν,
774 1866 896 1925 Galbam
923 1872 1006 1941 atque
1035 1867 1068 1924 ν’νν
1097 1885 1128 1925 eo
1150 1866 1215 1942 ν’γνεο
1236 1885 1331 1925 sacra-

155 1959 347 2030 ...nadal
360 1960 475 2048 Φάβιος
493 1961 718 2047 Οὖνίληςᾶρχαν
770 1975 864 2028 mento
896 1969 1008 2026 canillis
1031 1969 1182 2042 inferioris
1213 1968 1333 2027 θαναα-

153 2059 217 2138 ἑνὸς
238 2061 388 2148 τάγματος
410 2089 529 2147 abacos
550 2067 665 2144 πρῶτος
680 2067 720 2139 εἰς
771 2071 837 2130 niae
854 2077 1027 2146 praecentus
1049 2077 1117 2129 eret.

150 2169 276 2252 Γάλβαν
306 2162 356 2230 καὶ
386 2163 545 2249 γράμματα
571 2159 637 2249 ἧκεν
660 2165 718 2232 cinb
1132 2178 1134 2182 ’

147 2266 267 2352 Ρῶμης
280 2266 347 2352 περὶ
362 2296 402 2332 ων
416 2296 433 2350 η
424 2263 631 2351 σνγκλνγτος’
617 2271 718 2352 cunob-

150 2396 239 2450 outo,
252 2370 434 2454 χαλεπαῖς
401 2399 452 2453 μεν
467 2398 516 2435 και
507 2366 642 2453 μόλις,’ν
627 2397 719 2436 rusios

153 2464 239 2533 ὂΡ
207 2498 257 2536 ουν
284 2499 352 2545 τους
374 2469 556 2555 στρατιώτας
577 2473 718 2556 αὐτοκρα-

155 2599 230 2654 wopa
258 2570 306 2640 τὸν
327 2581 359 2639 Γ
357 2572 452 2659 α’λβαν
475 2572 647 2654 [ἀν*]εἰπεῖν.

259 2791 364 2859 Haeo
391 2792 580 2859 Plutarchi
609 2793 737 2872 verba,
768 2811 849 2858 cum
878 2810 925 2857 ex
954 2791 1199 2857 contractiore
1219 2790 1336 2857 Taciti

149 2912 336 2980 relatione
378 2916 460 2979 orta
501 2932 584 2979 csse
624 2932 699 2979 non
741 2912 897 2998 possint,
931 2912 1010 2979 eius
1051 2911 1170 2996 ipsius
1211 2915 1336 2977 tamen

149 3032 381 3100 brevitatem
422 3033 473 3098 ita
515 3025 773 3118 explanant²)‚
803 3038 843 3098 ut
883 3051 1115 3099 communem
1152 3031 1223 3097 hoc
1254 3031 1336 3097 loco

154 3157 283 3236 pateat
312 3151 360 3218 ab
387 3157 548 3238 utroque
577 3172 795 3237 expressum
825 3172 907 3219 esse
936 3158 1124 3219 auctorem
1139 3143 1178 3237 3).

159 3317 359 3326 ———....—,.-.

258 3420 281 3497 1)
304 3423 393 3480 Fabia
423 3440 451 3498 p.
480 3424 542 3481 418
572 3422 640 3479 adn.
663 3424 683 3479 4
707 3423 795 3480 nimis
818 3422 1003 3484 dubitanter:
1037 3421 1076 3479 »Il
1099 3441 1120 3496 y
1142 3441 1159 3480 a
1182 3422 1335 3498 probable·

151 3531 238 3582 ment
259 3527 473 3583 communaute
496 3525 533 3582 de
556 3542 686 3583 source.»
731 3525 789 3583 Cir.
813 3523 981 3583 Mommsen
1003 3542 1031 3599 p.
1055 3525 1115 3583 301
1139 3525 1207 3582 adn.
1227 3526 1258 3582 ’1.

257 3642 281 3718 ²)
305 3644 364 3702 Cir.
388 3644 533 3720 Hardyp
550 3645 623 3702 129:
647 3643 771 3701 »Fabius
792 3643 907 3701 Valens
931 3649 1031 3701 wast
1019 3644 1069 3701 the
1091 3643 1207 3718 legatus
1228 3644 1258 3701 oi
1279 3661 1337 3702 one

150 3747 182 3806 of
212 3747 264 3805 the
287 3746 412 3821 legions
434 3747 614 3822 probablyt
603 3746 697 3804 t.hel
721 3745 952 3814 GermanicalT
956 3746 1020 3804 .H
1045 3745 1057 3803 I
1082 3747 1143 3819 57),
1165 3746 1264 3803 which
1288 3747 1337 3804 bc·

149 3849 303 3924 longedt
291 3850 451 3908 toLower
474 3848 633 3923 Germany
678 3848 722 3906 He
745 3854 862 3906 uasat
850 3815 944 3906 tthis
967 3848 1128 3924 particular
1151 3849 1230 3915 time
1253 3849 1335 3906 how-

149 3970 233 4021 ever,
262 3953 383 4027 serving
412 3952 443 4009 in
476 3952 526 4010 the
548 3970 643 4026 army
666 3952 697 4009 oi
720 3950 888 4026 Verginius,
911 3951 1023 4026 having
1045 3952 1119 4009 been
1143 3957 1210 4008 sent
1231 3968 1264 4008 ae
1285 3951 1336 4008 the

150 4055 347 4114 commender
368 4056 437 4129 oia
460 4054 612 4112 vexillatio
636 4098 642 4112 .
667 4100 673 4112 .
697 4100 703 4111 .
725 4055 844 4128 against
867 4053 1009 4112 Vindex.»

260 4173 284 4249 ³)
305 4175 394 4233 Fabia
417 4192 445 4250 p.
469 4176 508 4233 92
533 4193 576 4250 sq.
599 4174 674 4232 hanc
702 4174 926 4233 similitudinem
961 4192 1021 4232 non
1054 4173 1271 4231 animadvertit.
1294 4205 1336 4214 -

152 4279 230 4338 Fieri
264 4278 353 4337 etiam
388 4278 495 4354 potuit,
518 4277 548 4334 id
582 4278 661 4352 quod
693 4277 759 4335 vult
781 4275 878 4352 Groag
900 4296 929 4353 p.
954 4279 1014 4336 779
1038 4293 1092 4352 sq.,
1115 4283 1149 4334 ut
1170 4293 1208 4333 ex
1231 4275 1334 4334 eodem
