2978 4800
198 234 238 291 74

153 427 267 507 atque
296 423 354 489 hio
381 422 570 489 Plutarchi
584 416 620 506 1).
678 424 808 508 Neque
836 426 927 490 vero
955 424 1124 510 reliquus
1148 425 1320 492 Plutarchi

152 562 276 609 sermo
306 543 420 608 Taciti
449 543 575 610 verbis
594 543 710 610 multo
729 545 851 610 minus
872 545 1002 611 similis
1022 551 1094 623 est;
1117 545 1220 631 quod
1240 547 1321 630 quis·

153 663 237 748 quis
267 662 397 728 ambos
426 668 565 729 attente
593 664 825 749 comparabit
852 664 960 731 facile
988 665 1202 750 perspiciet.

256 782 325 848 His
367 783 599 869 argumentis
640 803 880 868 nequaquam
912 784 1019 869 paria
1054 789 1143 852 sunt
1171 786 1318 870 quaein

151 902 376 969 contrariam
405 908 550 986 partem
579 903 763 969 dicuntur.
820 903 894 970 Cfr.
926 904 1033 971 adv,
1065 905 1236 972 23—30.

258 1021 421 1088 11-16.
478 1021 666 1089 (loncessu
706 1023 846 1089 Fabiae
884 1044 919 1108 p.
959 1025 1009 1091 40
1050 1029 1208 1110 propter
1245 1025 1321 1091 haec

150 1160 227 1208 non
256 1140 438 1207 habemus
466 1161 617 1208 necesse
647 1142 757 1209 alium
787 1143 928 1210 fontem
956 1145 1134 1229 recipere.

257 1260 423 1329 16—19.
480 1262 535 1327 De
577 1261 732 1328 mirifica
774 1264 907 1330 horum
936 1264 1140 1331 verborum
1169 1266 1322 1332 similitu·

149 1381 238 1447 dine
266 1400 381 1466 supra
410 1381 487 1447 dixi
516 1381 567 1466 (p.
599 1381 675 1462 72).
698 1383 936 1450 —Alterum
965 1384 1182 1469 interpretis
1212 1405 1322 1471 pecca·

149 1505 237 1577 tum,
273 1501 340 1567 sed
378 1501 530 1568 minoris
568 1504 755 1582 momenti,
792 1503 863 1570 hoc
891 1508 957 1582 cst,
987 1504 1089 1590 quod
1119 1503 1321 1591 Crispinum

149 1621 299 1705 vesperi
336 1621 485 1687 Tacitus
527 1640 622 1705 opus
659 1622 867 1702 incohasse,
909 1623 1133 1691 Plutarchus
1167 1626 1321 1692 nondum

147 1739 263 1806 finem
290 1739 422 1807 fecisse
451 1741 538 1808 dicit
565 1741 716 1827 (νυκτὸς
742 1746 794 1811 ἔτι
822 1741 1172 1834 συσκευαζομένου).

253 1860 295 1925 V.
328 1859 481 1927 19—23
511 1861 559 1927 ab
588 1862 641 1940 iis,
668 1881 766 1947 quae
794 1862 894 1946 apud
914 1862 1081 1929 Tacitum
1101 1864 1240 1932 eodem
1258 1865 1322 1931 loco

149 1981 399 2064 reperiuntur,
429 1981 533 2047 haud
562 1986 649 2048 sunt
668 1982 828 2062 dissoni;
849 1981 914 2048 cfr.
935 1983 973 2048 in
992 1983 1123 2067 primis
1145 1983 1276 2052 fremit
1292 2021 1322 2031 -

148 2103 402 2166 armarentur.
432 2096 480 2171 Oi
509 2093 747 2192 θρασύτατοι
776 2093 906 2186 odacar
933 2108 990 2168 est
1011 2104 1210 2188 perstructa
1239 2105 1324 2192 quis·

149 2239 223 2304 qne
237 2211 275 2304 ²).
324 2218 526 2286 Suetonius
554 2225 676 2288 autem
696 2225 737 2287 ut
756 2221 850 2288 solet
870 2241 891 2287 a
910 2222 1057 2288 duobus
1077 2222 1151 2290 illis
1171 2224 1323 2292 deerrat.

255 2338 421 2406 23-30.
478 2340 522 2406 In
551 2339 609 2406 his
638 2341 824 2426 quaedam
851 2340 965 2408 fontis
994 2343 1325 2432 alteriusvestigia

149 2463 370 2525 cernuntur:
414 2461 558 2526 numeri
595 2461 799 2527 occisorum
813 2454 840 2549 3)
879 2467 915 2528 et
945 2463 1208 2530 convivarum.
1266 2463 1325 2542 Qui

150 2598 226 2664 quo
254 2579 376 2645 minus
405 2580 442 2645 in
470 2581 722 2647 narrationem
751 2580 844 2646 duce
873 2581 1000 2647 Tacito
1028 2588 1147 2648 ortam
1178 2604 1229 2651 ex
1258 2602 1326 2652 auo

151 2704 231 2767 tore
271 2701 376 2784 prius
418 2700 617 2784 pervoluto
658 2700 888 2780 influxerint,
936 2701 1027 2767 nihil
1066 2703 1245 2788 impedit.
1296 2705 1327 2771 Is

152 2825 282 2886 auctor
322 2819 452 2886 dubito
496 2840 543 2885 an
583 2820 681 2886 idem
715 2820 828 2887 luerit
864 2840 939 2906 quo
967 2841 1057 2888 usus
1087 2827 1144 2889 est
1172 2824 1326 2892 Tacitus.

153 2938 243 3006 Sine
271 2938 346 3004 ulla
375 2958 488 3005 causa
516 2938 634 3005 Fabia
662 2960 697 3025 p.
729 2942 774 3005 41
807 2947 842 3007 et
873 2940 946 3007 109
973 2941 1219 3010 Plutarchum
1240 2946 1328 3012 hunc

149 3058 269 3124 locum
298 3077 318 3124 e
346 3058 495 3125 duobus
523 3059 689 3126 fontibus
718 3061 972 3127 contaminare
1000 3061 1169 3145 potuisse
1200 3070 1319 3152 negat.

254 3177 419 3245 30—31.
478 3177 670 3245 simillima
699 3185 786 3245 sunt
813 3171 917 3262 πόλις
944 3169 1152 3264 eleachim
1182 3182 1327 3274 dropac-

149 3301 340 3391 γησομένη
370 3303 406 3364 et
433 3299 533 3364 celui
561 3303 674 3384 copto
703 3299 804 3365 arbe.
852 3300 961 3376 Quod
990 3300 1216 3370 Plutarchus
1245 3305 1327 3371 hacc

255 3497 276 3575 ¹)
300 3498 485 3576 Quamquam
511 3518 569 3557 non
593 3501 696 3575 ignoro
719 3499 852 3559 Tacitum
876 3508 905 3559 et
930 3501 1124 3560 Plutarchum
1148 3520 1184 3561 eo
1209 3504 1286 3564 iuter
1300 3521 1326 3562 se

148 3601 324 3677 discrepare,
348 3603 427 3679 quod
451 3600 528 3660 Otho
552 3603 633 3678 apud
655 3603 738 3660 illum
755 3603 810 3660 sibi
827 3604 920 3663 timet.
936 3604 1016 3678 apud
1032 3604 1113 3662 hunc
1130 3607 1324 3679 senatoribusj

147 3703 201 3761 cfr.
231 3703 332 3762 Ranhe
356 3723 384 3779 p.
409 3705 469 3762 285
494 3722 571 3780 sqq.5
593 3703 692 3778 Groag
715 3723 742 3780 p.
767 3706 827 3763 734
850 3705 917 3763 adn.
943 3707 968 3762 1.
1014 3704 1122 3762 Verum
1148 3708 1239 3766 etiam
1263 3708 1325 3766 Plu·

149 3805 243 3863 tarchi
276 3799 346 3885 ὑπὲρ
378 3805 438 3867 τῶν
467 3801 701 3885 dodocirortum
724 3815 830 3865 estex
853 3808 898 3877 iis,
922 3825 999 3883 quae
1021 3808 1100 3883 apud
1126 3807 1264 3869 Tacitum
1287 3828 1325 3869 se

148 3915 292 3983 quuntur,
315 3907 364 3965 scd
385 3907 463 3965 houd
484 3927 565 3966 secus
587 3909 754 3966 discrimine
776 3914 893 3967 conotus
915 3928 1002 3984 quom
1026 3928 1079 3967 scco
1103 3912 1229 3972 terrilae.

251 4022 274 4102 ²)
293 4019 394 4087 Ἥκειν
415 4027 452 4084 ad
475 4045 603 4086 errorem
627 4027 710 4085 illum
734 4028 885 4087 Plutarchi
905 4029 1039 4104 pertinet.

251 4145 273 4217 ³)
298 4145 356 4207 Cir.
389 4147 425 4204 de
460 4154 528 4205 nota
562 4146 653 4205 Taciti
694 4149 910 4206 consuetudine
944 4149 1058 4222 l'ragm.
1090 4148 1168 4208 Hist.
1204 4154 1222 4211 6
1252 4151 1327 4228 apud

148 4246 298 4305 Halmium
325 4245 424 4325 (Oros
448 4247 506 4305 VII
533 4249 578 4320 10,
603 4250 641 4324 4).
