<?xml version="1.0" encoding="UTF-8"?>
<!DOCTYPE html PUBLIC "-//W3C//DTD XHTML 1.0 Transitional//EN"
    "http://www.w3.org/TR/xhtml1/DTD/xhtml1-transitional.dtd">
<html xmlns="http://www.w3.org/1999/xhtml" xml:lang="en" lang="en">
 <head>
  <title>
</title>
<meta http-equiv="Content-Type" content="text/html;charset=utf-8" />
  <meta name='ocr-system' content='tesseract 3.04.00' />
  <meta name='ocr-capabilities' content='ocr_page ocr_carea ocr_par ocr_line ocrx_word'/>
</head>
<body>
  <div class='ocr_page' id='page_1' title='image "./deplutarchoetta00boregoog_0044.png"; bbox 0 0 2978 4800; ppageno 0'>
   <div class='ocr_carea' id='block_1_1' title="bbox 82 1423 1267 2350">
    <p class='ocr_par' dir='ltr' id='par_1_1' title="bbox 189 1423 505 1496">
     <span class='ocr_line' id='line_1_1' title="bbox 189 1423 505 1496; baseline -0.019 0"><span class='ocrx_word' id='word_1_1' title='bbox 189 1423 232 1496; x_wconf 91' lang='lat' dir='ltr'>P.</span> <span class='ocrx_word' id='word_1_2' title='bbox 267 1424 308 1494; x_wconf 82' lang='lat' dir='ltr'>G.</span> <span class='ocrx_word' id='word_1_3' title='bbox 336 1444 364 1492; x_wconf 89' lang='lat' dir='ltr'>c.</span> <span class='ocrx_word' id='word_1_4' title='bbox 396 1426 428 1491; x_wconf 89' lang='lat'>1.</span> <span class='ocrx_word' id='word_1_5' title='bbox 458 1462 505 1470; x_wconf 87' lang='lat'>-</span> 
     </span>
    </p>

    <p class='ocr_par' dir='ltr' id='par_1_2' title="bbox 82 1521 1267 2350">
     <span class='ocr_line' id='line_1_2' title="bbox 190 1521 1266 1628; baseline -0.003 -14"><span class='ocrx_word' id='word_1_6' title='bbox 190 1547 230 1613; x_wconf 87' lang='grc' dir='ltr'>Ρ.</span> <span class='ocrx_word' id='word_1_7' title='bbox 266 1544 307 1614; x_wconf 76' lang='lat' dir='ltr'>G.</span> <span class='ocrx_word' id='word_1_8' title='bbox 335 1564 364 1611; x_wconf 84' lang='lat' dir='ltr'>c.</span> <span class='ocrx_word' id='word_1_9' title='bbox 394 1545 430 1610; x_wconf 82' lang='lat'>2.</span> <span class='ocrx_word' id='word_1_10' title='bbox 486 1543 540 1609; x_wconf 92' lang='lat' dir='ltr'>De</span> <span class='ocrx_word' id='word_1_11' title='bbox 583 1541 814 1628; x_wconf 87' lang='lat' dir='ltr'>Nymphidio</span> <span class='ocrx_word' id='word_1_12' title='bbox 848 1521 952 1627; x_wconf 54' lang='lat' dir='ltr'>¹quae</span> <span class='ocrx_word' id='word_1_13' title='bbox 993 1543 1081 1610; x_wconf 88' lang='lat' dir='ltr'>dicit</span> <span class='ocrx_word' id='word_1_14' title='bbox 1117 1543 1266 1611; x_wconf 75' lang='lat' dir='ltr'>Tacitus</span> 
     </span>
     <span class='ocr_line' id='line_1_3' title="bbox 85 1661 1267 1747; baseline -0.003 -13"><span class='ocrx_word' id='word_1_15' title='bbox 85 1669 103 1734; x_wconf 91' lang='grc' dir='ltr'><strong>Ι</strong></span> <span class='ocrx_word' id='word_1_16' title='bbox 135 1668 157 1733; x_wconf 86' lang='grc'>5</span> <span class='ocrx_word' id='word_1_17' title='bbox 189 1685 210 1731; x_wconf 90' lang='lat' dir='ltr'>a</span> <span class='ocrx_word' id='word_1_18' title='bbox 236 1664 438 1731; x_wconf 88' lang='lat' dir='ltr'>Plutarcho</span> <span class='ocrx_word' id='word_1_19' title='bbox 465 1682 539 1729; x_wconf 86' lang='lat' dir='ltr'>non</span> <span class='ocrx_word' id='word_1_20' title='bbox 569 1662 793 1747; x_wconf 88' lang='lat' dir='ltr'>discrepant.</span> <span class='ocrx_word' id='word_1_21' title='bbox 851 1661 926 1729; x_wconf 84' lang='lat' dir='ltr'>Sed</span> <span class='ocrx_word' id='word_1_22' title='bbox 954 1662 1015 1729; x_wconf 87' lang='lat' dir='ltr'>ille</span> <span class='ocrx_word' id='word_1_23' title='bbox 1042 1667 1118 1729; x_wconf 93' lang='lat' dir='ltr'>tam</span> <span class='ocrx_word' id='word_1_24' title='bbox 1145 1663 1267 1730; x_wconf 88' lang='lat' dir='ltr'>brevi-</span> 
     </span>
     <span class='ocr_line' id='line_1_4' title="bbox 87 1782 1267 1870; baseline 0 -19"><span class='ocrx_word' id='word_1_25' title='bbox 87 1791 148 1852; x_wconf 87' lang='lat' dir='ltr'>ter</span> <span class='ocrx_word' id='word_1_26' title='bbox 184 1784 451 1870; x_wconf 86' lang='lat' dir='ltr'>Nymphidium</span> <span class='ocrx_word' id='word_1_27' title='bbox 490 1782 649 1869; x_wconf 85' lang='lat' dir='ltr'>attingit,</span> <span class='ocrx_word' id='word_1_28' title='bbox 678 1782 781 1848; x_wconf 87' lang='lat' dir='ltr'>nulle</span> <span class='ocrx_word' id='word_1_29' title='bbox 817 1787 859 1848; x_wconf 93' lang='lat' dir='ltr'>ut</span> <span class='ocrx_word' id='word_1_30' title='bbox 894 1783 1005 1850; x_wconf 88' lang='lat' dir='ltr'>modo</span> <span class='ocrx_word' id='word_1_31' title='bbox 1032 1783 1152 1868; x_wconf 87' lang='lat' dir='ltr'>possit</span> <span class='ocrx_word' id='word_1_32' title='bbox 1180 1784 1267 1851; x_wconf 87' lang='lat' dir='ltr'>inde</span> 
     </span>
     <span class='ocr_line' id='line_1_5' title="bbox 89 1901 1267 1989; baseline 0 -19"><span class='ocrx_word' id='word_1_33' title='bbox 89 1907 239 1989; x_wconf 91' lang='lat' dir='ltr'>sumpta</span> <span class='ocrx_word' id='word_1_34' title='bbox 274 1922 356 1970; x_wconf 87' lang='lat' dir='ltr'>csse</span> <span class='ocrx_word' id='word_1_35' title='bbox 392 1902 581 1969; x_wconf 79' lang='lat' dir='ltr'>Plutarchi</span> <span class='ocrx_word' id='word_1_36' title='bbox 614 1902 793 1975; x_wconf 87' lang='lat' dir='ltr'>narratio.</span> <span class='ocrx_word' id='word_1_37' title='bbox 850 1901 971 1978; x_wconf 78' lang='lat' dir='ltr'>Quam</span> <span class='ocrx_word' id='word_1_38' title='bbox 1003 1908 1158 1988; x_wconf 87' lang='lat' dir='ltr'>propter</span> <span class='ocrx_word' id='word_1_39' title='bbox 1186 1903 1267 1970; x_wconf 91' lang='lat' dir='ltr'>bre·</span> 
     </span>
     <span class='ocr_line' id='line_1_6' title="bbox 88 2021 1266 2107; baseline -0.001 -17"><span class='ocrx_word' id='word_1_40' title='bbox 88 2024 240 2090; x_wconf 88' lang='lat' dir='ltr'>vitatem</span> <span class='ocrx_word' id='word_1_41' title='bbox 269 2023 386 2089; x_wconf 87' lang='lat' dir='ltr'>Taciti</span> <span class='ocrx_word' id='word_1_42' title='bbox 420 2041 468 2088; x_wconf 87' lang='lat' dir='ltr'>ne</span> <span class='ocrx_word' id='word_1_43' title='bbox 503 2041 734 2088; x_wconf 89' lang='lat' dir='ltr'>communem</span> <span class='ocrx_word' id='word_1_44' title='bbox 763 2021 914 2107; x_wconf 91' lang='lat' dir='ltr'>quidem</span> <span class='ocrx_word' id='word_1_45' title='bbox 942 2021 1098 2088; x_wconf 79' lang='lat' dir='ltr'>subesse</span> <span class='ocrx_word' id='word_1_46' title='bbox 1124 2023 1266 2089; x_wconf 84' lang='lat' dir='ltr'>fontem</span> 
     </span>
     <span class='ocr_line' id='line_1_7' title="bbox 82 2141 1267 2229; baseline -0.002 -18"><span class='ocrx_word' id='word_1_47' title='bbox 82 2143 308 2211; x_wconf 81' lang='lat' dir='ltr'>concludere</span> <span class='ocrx_word' id='word_1_48' title='bbox 335 2142 434 2222; x_wconf 88' lang='lat' dir='ltr'>licet;</span> <span class='ocrx_word' id='word_1_49' title='bbox 474 2151 656 2227; x_wconf 89' lang='lat' dir='ltr'>quantum</span> <span class='ocrx_word' id='word_1_50' title='bbox 685 2142 848 2207; x_wconf 91' lang='lat' dir='ltr'>enimin</span> <span class='ocrx_word' id='word_1_51' title='bbox 877 2141 1052 2208; x_wconf 86' lang='lat' dir='ltr'>Historiis</span> <span class='ocrx_word' id='word_1_52' title='bbox 1081 2142 1127 2208; x_wconf 94' lang='lat' dir='ltr'>de</span> <span class='ocrx_word' id='word_1_53' title='bbox 1156 2142 1267 2229; x_wconf 90' lang='lat' dir='ltr'>Nym-</span> 
     </span>
     <span class='ocr_line' id='line_1_8' title="bbox 83 2261 1267 2350; baseline -0.001 -20"><span class='ocrx_word' id='word_1_54' title='bbox 83 2263 218 2350; x_wconf 89' lang='lat' dir='ltr'>phidio</span> <span class='ocrx_word' id='word_1_55' title='bbox 246 2267 380 2340; x_wconf 87' lang='lat' dir='ltr'>exstat,</span> <span class='ocrx_word' id='word_1_56' title='bbox 403 2281 424 2327; x_wconf 90' lang='lat' dir='ltr'>a</span> <span class='ocrx_word' id='word_1_57' title='bbox 452 2261 621 2347; x_wconf 87' lang='lat' dir='ltr'>quolibet</span> <span class='ocrx_word' id='word_1_58' title='bbox 648 2262 795 2328; x_wconf 87' lang='lat' dir='ltr'>illarum</span> <span class='ocrx_word' id='word_1_59' title='bbox 823 2281 948 2328; x_wconf 91' lang='lat' dir='ltr'>rerum</span> <span class='ocrx_word' id='word_1_60' title='bbox 976 2262 1156 2348; x_wconf 88' lang='lat' dir='ltr'>scriptore</span> <span class='ocrx_word' id='word_1_61' title='bbox 1185 2282 1267 2347; x_wconf 91' lang='lat' dir='ltr'>pro·</span> 
     </span>
    </p>
   </div>
   <div class='ocr_carea' id='block_1_2' title="bbox 84 2373 1267 2569">
    <p class='ocr_par' dir='ltr' id='par_1_3' title="bbox 84 2373 1267 2569">
     <span class='ocr_line' id='line_1_9' title="bbox 84 2373 719 2468; baseline -0.008 -17"><span class='ocrx_word' id='word_1_62' title='bbox 84 2384 204 2451; x_wconf 92' lang='lat' dir='ltr'>ditum</span> <span class='ocrx_word' id='word_1_63' title='bbox 234 2401 317 2449; x_wconf 86' lang='lat' dir='ltr'>esse</span> <span class='ocrx_word' id='word_1_64' title='bbox 344 2381 584 2468; x_wconf 86' lang='lat' dir='ltr'>cogitandum</span> <span class='ocrx_word' id='word_1_65' title='bbox 614 2373 719 2464; x_wconf 77' lang='lat' dir='ltr'>est1).</span> 
     </span>
     <span class='ocr_line' id='line_1_10' title="bbox 189 2499 1267 2569; baseline 0.001 -1"><span class='ocrx_word' id='word_1_66' title='bbox 189 2502 228 2568; x_wconf 94' lang='lat' dir='ltr'>P.</span> <span class='ocrx_word' id='word_1_67' title='bbox 263 2501 304 2569; x_wconf 81' lang='lat' dir='ltr'>G.</span> <span class='ocrx_word' id='word_1_68' title='bbox 332 2521 360 2567; x_wconf 90' lang='lat' dir='ltr'>c.</span> <span class='ocrx_word' id='word_1_69' title='bbox 393 2503 427 2569; x_wconf 85' lang='lat'>3.</span> <span class='ocrx_word' id='word_1_70' title='bbox 486 2499 627 2566; x_wconf 86' lang='lat' dir='ltr'>Similia</span> <span class='ocrx_word' id='word_1_71' title='bbox 669 2501 715 2566; x_wconf 88' lang='lat' dir='ltr'>de</span> <span class='ocrx_word' id='word_1_72' title='bbox 758 2520 869 2567; x_wconf 89' lang='lat' dir='ltr'>cursu</span> <span class='ocrx_word' id='word_1_73' title='bbox 906 2501 1089 2567; x_wconf 86' lang='lat' dir='ltr'>honorum</span> <span class='ocrx_word' id='word_1_74' title='bbox 1124 2501 1267 2569; x_wconf 82' lang='lat' dir='ltr'>Galbae</span> 
     </span>
    </p>
   </div>
   <div class='ocr_carea' id='block_1_3' title="bbox 81 2619 1268 3546">
    <p class='ocr_par' dir='ltr' id='par_1_4' title="bbox 81 2619 1267 2948">
     <span class='ocr_line' id='line_1_11' title="bbox 88 2619 1267 2706; baseline -0.001 -18"><span class='ocrx_word' id='word_1_75' title='bbox 88 2620 202 2688; x_wconf 88' lang='lat' dir='ltr'>habet</span> <span class='ocrx_word' id='word_1_76' title='bbox 220 2621 369 2687; x_wconf 86' lang='lat' dir='ltr'>Tacitus</span> <span class='ocrx_word' id='word_1_77' title='bbox 385 2621 402 2686; x_wconf 94' lang='grc' dir='ltr'>Ι</span> <span class='ocrx_word' id='word_1_78' title='bbox 418 2620 478 2686; x_wconf 82' lang='grc'>49.</span> <span class='ocrx_word' id='word_1_79' title='bbox 519 2620 624 2695; x_wconf 80' lang='lat' dir='ltr'>Quae</span> <span class='ocrx_word' id='word_1_80' title='bbox 644 2639 738 2697; x_wconf 88' lang='lat' dir='ltr'>cum,</span> <span class='ocrx_word' id='word_1_81' title='bbox 761 2620 931 2705; x_wconf 88' lang='lat' dir='ltr'>quisquis</span> <span class='ocrx_word' id='word_1_82' title='bbox 952 2620 998 2686; x_wconf 86' lang='lat' dir='ltr'>de</span> <span class='ocrx_word' id='word_1_83' title='bbox 1019 2619 1139 2687; x_wconf 89' lang='lat' dir='ltr'>Galba</span> <span class='ocrx_word' id='word_1_84' title='bbox 1156 2623 1267 2706; x_wconf 89' lang='lat' dir='ltr'>scrip·</span> 
     </span>
     <span class='ocr_line' id='line_1_12' title="bbox 85 2739 1267 2837; baseline 0 -28"><span class='ocrx_word' id='word_1_85' title='bbox 85 2741 187 2821; x_wconf 87' lang='lat' dir='ltr'>serit,</span> <span class='ocrx_word' id='word_1_86' title='bbox 218 2740 358 2807; x_wconf 91' lang='lat' dir='ltr'>nemini</span> <span class='ocrx_word' id='word_1_87' title='bbox 385 2740 661 2825; x_wconf 88' lang='lat' dir='ltr'>praetereunda</span> <span class='ocrx_word' id='word_1_88' title='bbox 689 2739 837 2818; x_wconf 86' lang='lat' dir='ltr'>fuerint,</span> <span class='ocrx_word' id='word_1_89' title='bbox 861 2739 963 2806; x_wconf 91' lang='lat' dir='ltr'>nulla</span> <span class='ocrx_word' id='word_1_90' title='bbox 991 2740 1078 2837; x_wconf 89' lang='lat' dir='ltr'>inde</span> <span class='ocrx_word' id='word_1_91' title='bbox 1107 2741 1267 2809; x_wconf 79' lang='lat' dir='ltr'>efficitur</span> 
     </span>
     <span class='ocr_line' id='line_1_13' title="bbox 81 2834 1125 2948; baseline -0.003 -20"><span class='ocrx_word' id='word_1_92' title='bbox 81 2861 272 2948; x_wconf 85' lang='lat' dir='ltr'>cognatio.</span> <span class='ocrx_word' id='word_1_93' title='bbox 1118 2834 1125 2847; x_wconf 45' lang='lat'><strong>⁹</strong></span> 
     </span>
    </p>

    <p class='ocr_par' dir='ltr' id='par_1_5' title="bbox 191 2972 548 3064">
     <span class='ocr_line' id='line_1_14' title="bbox 191 2972 548 3064; baseline 0 -18"><span class='ocrx_word' id='word_1_94' title='bbox 191 2972 548 3064; x_wconf 51' lang='lat' dir='ltr'>Rstclmb</span> 
     </span>
    </p>

    <p class='ocr_par' dir='ltr' id='par_1_6' title="bbox 190 3100 510 3168">
     <span class='ocr_line' id='line_1_15' title="bbox 190 3100 510 3168; baseline -0.003 -2"><span class='ocrx_word' id='word_1_95' title='bbox 190 3100 510 3168; x_wconf 52' lang='lat' dir='ltr'>Raud—</span> 
     </span>
    </p>

    <p class='ocr_par' dir='ltr' id='par_1_7' title="bbox 191 3212 549 3305">
     <span class='ocr_line' id='line_1_16' title="bbox 191 3212 549 3305; baseline 0.006 -20"><span class='ocrx_word' id='word_1_96' title='bbox 191 3219 229 3285; x_wconf 92' lang='lat' dir='ltr'>P.</span> <span class='ocrx_word' id='word_1_97' title='bbox 263 3218 305 3288; x_wconf 83' lang='lat' dir='ltr'>G.</span> <span class='ocrx_word' id='word_1_98' title='bbox 336 3239 365 3287; x_wconf 89' lang='lat' dir='ltr'>c.</span> <span class='ocrx_word' id='word_1_99' title='bbox 399 3221 431 3287; x_wconf 83' lang='lat'>6.</span> <span class='ocrx_word' id='word_1_100' title='bbox 461 3212 549 3305; x_wconf 75' lang='lat'><strong>-—3)</strong></span> 
     </span>
    </p>

    <p class='ocr_par' dir='ltr' id='par_1_8' title="bbox 84 3339 1268 3546">
     <span class='ocr_line' id='line_1_17' title="bbox 190 3339 1268 3424; baseline 0 -18"><span class='ocrx_word' id='word_1_101' title='bbox 190 3339 229 3406; x_wconf 91' lang='lat' dir='ltr'>P.</span> <span class='ocrx_word' id='word_1_102' title='bbox 262 3339 305 3408; x_wconf 84' lang='lat' dir='ltr'>G.</span> <span class='ocrx_word' id='word_1_103' title='bbox 335 3360 364 3406; x_wconf 89' lang='lat' dir='ltr'>c.</span> <span class='ocrx_word' id='word_1_104' title='bbox 398 3342 427 3407; x_wconf 86' lang='lat'>7.</span> <span class='ocrx_word' id='word_1_105' title='bbox 472 3339 650 3407; x_wconf 84' lang='lat' dir='ltr'>Clausula</span> <span class='ocrx_word' id='word_1_106' title='bbox 677 3339 789 3405; x_wconf 91' lang='lat' dir='ltr'>huius</span> <span class='ocrx_word' id='word_1_107' title='bbox 817 3339 949 3423; x_wconf 87' lang='lat' dir='ltr'>capitis</span> <span class='ocrx_word' id='word_1_108' title='bbox 976 3359 1058 3405; x_wconf 91' lang='lat' dir='ltr'>cum</span> <span class='ocrx_word' id='word_1_109' title='bbox 1078 3339 1158 3405; x_wconf 89' lang='lat' dir='ltr'>loco</span> <span class='ocrx_word' id='word_1_110' title='bbox 1178 3359 1268 3424; x_wconf 90' lang='lat' dir='ltr'>quo-</span> 
     </span>
     <span class='ocr_line' id='line_1_18' title="bbox 84 3457 537 3546; baseline 0.002 -22"><span class='ocrx_word' id='word_1_111' title='bbox 84 3457 173 3525; x_wconf 91' lang='lat' dir='ltr'>dam</span> <span class='ocrx_word' id='word_1_112' title='bbox 203 3459 319 3525; x_wconf 87' lang='lat' dir='ltr'>Taciti</span> <span class='ocrx_word' id='word_1_113' title='bbox 347 3459 537 3546; x_wconf 83' lang='lat' dir='ltr'>congruit:</span> 
     </span>
    </p>
   </div>
   <div class='ocr_carea' id='block_1_4' title="bbox 82 3726 1270 4111">
    <p class='ocr_par' dir='ltr' id='par_1_9' title="bbox 193 3726 928 3806">
     <span class='ocr_line' id='line_1_19' title="bbox 193 3726 928 3806; baseline -0.001 -20"><span class='ocrx_word' id='word_1_114' title='bbox 193 3726 217 3804; x_wconf 88' lang='lat'>¹)</span> <span class='ocrx_word' id='word_1_115' title='bbox 240 3727 328 3786; x_wconf 82' lang='lat' dir='ltr'>Fabia</span> <span class='ocrx_word' id='word_1_116' title='bbox 351 3748 379 3806; x_wconf 89' lang='lat' dir='ltr'>p.</span> <span class='ocrx_word' id='word_1_117' title='bbox 403 3731 442 3788; x_wconf 81' lang='lat'>90</span> <span class='ocrx_word' id='word_1_118' title='bbox 465 3730 575 3787; x_wconf 81' lang='lat' dir='ltr'>fontem</span> <span class='ocrx_word' id='word_1_119' title='bbox 601 3729 708 3786; x_wconf 82' lang='lat' dir='ltr'>statuit</span> <span class='ocrx_word' id='word_1_120' title='bbox 730 3745 928 3786; x_wconf 87' lang='lat' dir='ltr'>communem.</span> 
     </span>
    </p>

    <p class='ocr_par' dir='ltr' id='par_1_10' title="bbox 82 3823 1270 4111">
     <span class='ocr_line' id='line_1_20' title="bbox 189 3823 1270 3913; baseline 0.001 -22"><span class='ocrx_word' id='word_1_121' title='bbox 189 3828 214 3905; x_wconf 64' lang='grc'>2)</span> <span class='ocrx_word' id='word_1_122' title='bbox 245 3829 318 3892; x_wconf 85' lang='grc' dir='ltr'><em>Τίνα</em></span> <span class='ocrx_word' id='word_1_123' title='bbox 348 3825 454 3911; x_wconf 77' lang='grc' dir='ltr'><em>τρόπον</em></span> <span class='ocrx_word' id='word_1_124' title='bbox 484 3824 676 3913; x_wconf 55' lang='lat' dir='ltr'>devicissent&amp;</span> <span class='ocrx_word' id='word_1_125' title='bbox 706 3824 740 3892; x_wconf 84' lang='grc' dir='ltr'>τὸ</span> <span class='ocrx_word' id='word_1_126' title='bbox 771 3823 824 3911; x_wconf 71' lang='grc' dir='ltr'>γὰρ</span> <span class='ocrx_word' id='word_1_127' title='bbox 858 3831 955 3910; x_wconf 82' lang='grc' dir='ltr'><em>ζητεῖν,</em></span> <span class='ocrx_word' id='word_1_128' title='bbox 982 3829 1098 3910; x_wconf 76' lang='grc' dir='ltr'><em>Νέρωνι</em></span> <span class='ocrx_word' id='word_1_129' title='bbox 1125 3829 1151 3893; x_wconf 83' lang='grc' dir='ltr'>εἰ</span> <span class='ocrx_word' id='word_1_130' title='bbox 1173 3826 1270 3892; x_wconf 80' lang='grc' dir='ltr'><strong><em>πιστοὶ</em></strong></span> 
     </span>
     <span class='ocr_line' id='line_1_21' title="bbox 82 3927 1269 4014; baseline -0.003 -21"><span class='ocrx_word' id='word_1_131' title='bbox 82 3929 234 4011; x_wconf 61' lang='grc' dir='ltr'><em>μενοῦμεν,</em></span> <span class='ocrx_word' id='word_1_132' title='bbox 257 3932 308 3995; x_wconf 75' lang='grc' dir='ltr'>οὐκ</span> <span class='ocrx_word' id='word_1_133' title='bbox 331 3927 382 4014; x_wconf 76' lang='grc' dir='ltr'>ἤδη</span> <span class='ocrx_word' id='word_1_134' title='bbox 403 3927 546 4013; x_wconf 79' lang='grc' dir='ltr'><em>μενόντων</em></span> <span class='ocrx_word' id='word_1_135' title='bbox 568 3928 645 3995; x_wconf 77' lang='grc' dir='ltr'><em>ἐστίν</em></span> <span class='ocrx_word' id='word_1_136' title='bbox 668 3952 694 3990; x_wconf 79' lang='lat' dir='ltr'>r.</span> <span class='ocrx_word' id='word_1_137' title='bbox 718 3935 756 3992; x_wconf 76' lang='lat'>27</span> <span class='ocrx_word' id='word_1_138' title='bbox 781 3951 846 4009; x_wconf 85' lang='lat' dir='ltr'>sqq.</span> <span class='ocrx_word' id='word_1_139' title='bbox 868 3951 906 3991; x_wconf 83' lang='lat' dir='ltr'>ex</span> <span class='ocrx_word' id='word_1_140' title='bbox 928 3933 980 4008; x_wconf 78' lang='lat' dir='ltr'>qui</span> <span class='ocrx_word' id='word_1_141' title='bbox 1001 3929 1165 4004; x_wconf 77' lang='lat' dir='ltr'>deliberant,</span> <span class='ocrx_word' id='word_1_142' title='bbox 1182 3933 1269 3990; x_wconf 82' lang='lat' dir='ltr'>desci-</span> 
     </span>
     <span class='ocr_line' id='line_1_22' title="bbox 83 4033 1270 4111; baseline 0.002 -21"><span class='ocrx_word' id='word_1_143' title='bbox 83 4038 189 4091; x_wconf 74' lang='lat' dir='ltr'>verunt</span> <span class='ocrx_word' id='word_1_144' title='bbox 211 4033 278 4094; x_wconf 87' lang='lat' dir='ltr'>Tae.</span> <span class='ocrx_word' id='word_1_145' title='bbox 302 4035 331 4095; x_wconf 94' lang='grc' dir='ltr'>ΙΙ</span> <span class='ocrx_word' id='word_1_146' title='bbox 356 4039 392 4096; x_wconf 78' lang='grc'>77</span> <span class='ocrx_word' id='word_1_147' title='bbox 417 4042 514 4094; x_wconf 87' lang='lat' dir='ltr'>ortum</span> <span class='ocrx_word' id='word_1_148' title='bbox 541 4053 608 4094; x_wconf 87' lang='lat' dir='ltr'>esse</span> <span class='ocrx_word' id='word_1_149' title='bbox 630 4035 813 4108; x_wconf 80' lang='lat' dir='ltr'>crediderim,</span> <span class='ocrx_word' id='word_1_150' title='bbox 836 4035 893 4094; x_wconf 90' lang='lat' dir='ltr'>uisi</span> <span class='ocrx_word' id='word_1_151' title='bbox 916 4035 997 4111; x_wconf 87' lang='lat' dir='ltr'>quod</span> <span class='ocrx_word' id='word_1_152' title='bbox 1019 4036 1067 4094; x_wconf 88' lang='lat' dir='ltr'>hic</span> <span class='ocrx_word' id='word_1_153' title='bbox 1089 4035 1172 4093; x_wconf 85' lang='lat' dir='ltr'>locus</span> <span class='ocrx_word' id='word_1_154' title='bbox 1189 4052 1270 4092; x_wconf 86' lang='lat' dir='ltr'>com·</span> 
     </span>
    </p>
   </div>
   <div class='ocr_carea' id='block_1_5' title="bbox 87 4136 835 4316">
    <p class='ocr_par' dir='ltr' id='par_1_11' title="bbox 87 4136 835 4316">
     <span class='ocr_line' id='line_1_23' title="bbox 87 4136 436 4212; baseline 0.011 -19"><span class='ocrx_word' id='word_1_155' title='bbox 87 4136 189 4194; x_wconf 89' lang='lat' dir='ltr'>munis</span> <span class='ocrx_word' id='word_1_156' title='bbox 213 4144 313 4212; x_wconf 83' lang='lat' dir='ltr'>potest</span> <span class='ocrx_word' id='word_1_157' title='bbox 335 4138 436 4197; x_wconf 86' lang='lat' dir='ltr'>tuisse.</span> 
     </span>
     <span class='ocr_line' id='line_1_24' title="bbox 192 4237 835 4316; baseline 0.002 -19"><span class='ocrx_word' id='word_1_158' title='bbox 192 4237 216 4315; x_wconf 83' lang='lat'>³)</span> <span class='ocrx_word' id='word_1_159' title='bbox 239 4240 296 4298; x_wconf 80' lang='lat' dir='ltr'>Cir.</span> <span class='ocrx_word' id='word_1_160' title='bbox 319 4240 357 4298; x_wconf 87' lang='lat' dir='ltr'>ad</span> <span class='ocrx_word' id='word_1_161' title='bbox 380 4241 411 4298; x_wconf 92' lang='lat' dir='ltr'>P.</span> <span class='ocrx_word' id='word_1_162' title='bbox 434 4238 468 4300; x_wconf 78' lang='lat' dir='ltr'>G.</span> <span class='ocrx_word' id='word_1_163' title='bbox 494 4242 532 4299; x_wconf 83' lang='lat' dir='ltr'>lt)</span> <span class='ocrx_word' id='word_1_164' title='bbox 556 4240 634 4316; x_wconf 83' lang='lat' dir='ltr'>(pag.</span> <span class='ocrx_word' id='word_1_165' title='bbox 660 4242 678 4299; x_wconf 88' lang='grc'>3</span> <span class='ocrx_word' id='word_1_166' title='bbox 703 4240 770 4298; x_wconf 86' lang='lat' dir='ltr'>adn.</span> <span class='ocrx_word' id='word_1_167' title='bbox 796 4242 835 4314; x_wconf 89' lang='lat'>3).</span> 
     </span>
    </p>
   </div>
   <div class='ocr_carea' id='block_1_6' title="bbox 0 0 1505 4800">
    <p class='ocr_par' dir='ltr' id='par_1_12' title="bbox 0 0 1505 4800">
     <span class='ocr_line' id='line_1_25' title="bbox 0 0 1505 4800; baseline 0 0"><span class='ocrx_word' id='word_1_168' title='bbox 0 0 1505 4800; x_wconf 95' lang='lat' dir='ltr'> </span> 
     </span>
    </p>
   </div>
  </div>
 </body>
</html>
