2978 4800
237 258 296 315 148

189 445 331 512 novanti
361 440 501 520 ἐπέμπετο
530 436 756 522 γραμματαῖτῷ
807 440 903 498 missa
941 439 1046 498 Galbae
1079 442 1112 498 A.
1142 438 1278 497 Vitellius
1315 438 1385 496 ade·

190 548 221 605 Γ
219 537 299 625 άλβᾳ
319 537 402 624 παρὰ
424 541 484 605 coir
505 537 677 623 ἐπιτρόπων·
806 549 853 601 rat
862 540 895 620 ¹).

850 646 910 705 cfr.
933 645 947 702 I
970 646 1104 703 51-54.

293 872 519 938 Plutarchus
548 876 585 938 et
617 871 823 956 superioris
852 876 887 937 et
913 870 1101 937 inferioris
1144 869 1385 936 Germaniae

190 993 375 1059 exercitus
405 995 574 1058 vertente
603 1010 703 1058 anno
731 991 781 1058 68
806 990 1028 1057 insolentius
1047 1009 1087 1056 se
1107 989 1271 1055 iactasse
1294 988 1385 1054 scri-

190 1111 255 1190 bit,
294 1112 462 1178 nondum
495 1116 619 1177 tamen
650 1115 779 1195 aperte
808 1109 1026 1190 descivisse3
1055 1109 1177 1193 deque
1208 1127 1255 1174 ea
1287 1128 1332 1173 re
1362 1129 1384 1174 a

189 1231 496 1316 procuratoribus
524 1230 675 1296 crebras
705 1231 752 1297 ad
782 1229 940 1297 Galbam
968 1215 1310 1296 venisse‘litteras.

295 1349 472 1418 Similiter
501 1350 650 1416 Tacitus
679 1350 815 1416 multos
840 1349 912 1415 iam
934 1353 1010 1415 tum
1030 1348 1068 1414 in
1086 1353 1250 1432 utroque
1274 1367 1384 1414 exer-

189 1471 263 1536 citu
291 1470 405 1536 rebus
434 1452 543 1536 'novis
571 1470 761 1536 studuisse
799 1468 996 1555 significat.
1053 1466 1108 1533 De
1136 1466 1286 1533 nuntiis
1319 1487 1384 1533 au-

189 1595 262 1656 tem
291 1589 362 1656 sub
390 1591 492 1656 exitu
521 1591 609 1656 anni
638 1589 686 1656 68
716 1589 873 1655 Romam
900 1587 1055 1673 perlatis
1075 1591 1181 1664 tacet,
1203 1589 1247 1652 ut
1268 1588 1340 1671 qui
1362 1608 1384 1653 a

71 1695 72 1698 ¹
188 1708 361 1775 kalendis
391 1710 578 1775 Ianuariis
608 1710 696 1775 anni
725 1708 773 1776 69
802 1709 946 1775 initium
975 1711 1098 1773 sumat
1123 1706 1326 1772 historiae.

292 1828 413 1915 Vulgo
461 1830 563 1913 quod
611 1848 693 1894 cum
739 1829 778 1894 P.
827 1828 870 1895 G.
927 1827 984 1904 19,
1030 1837 1110 1894 1—3
1149 1834 1383 1910 comparant

189 1948 270 2013 Tac.
303 1948 320 2013 I
361 1948 406 2013 12
443 1949 585 2034 paneis
622 1952 711 2035 post
751 1948 939 2014 leniendas
976 1945 1193 2013 lanuarias
1235 1945 1383 2012 diebus

187 2067 344 2152 Pompei
389 2068 607 2154 Propinqui
645 2069 909 2154 procuratoris
950 2086 974 2133 a
1015 2065 1171 2152 Belpiea
1220 2064 1382 2131 litterae

188 2186 428 2264 adferantur,
466 2189 675 2274 superioris
709 2187 939 2255 Germaniae
971 2185 1135 2268 tepiones
1166 2186 1290 2269 rapta
1319 2205 1380 2251 sa-

187 2306 375 2372 crementi
415 2305 623 2374 reeerentia
665 2309 934 2394 imperatorem
970 2305 1094 2372 aliam
1123 2303 1316 2389 tlapitare
1344 2309 1380 2371 et

186 2426 339 2491 aenatni
381 2445 426 2492 ac
459 2426 603 2517 populo
644 2427 817 2494 Romano
855 2425 1061 2493 arbitrium
1093 2423 1267 2509 elipandi
1289 2443 1378 2509 per-

187 2545 343 2624 mittere,
388 2565 461 2632 qno
503 2547 640 2613 seditio
682 2547 839 2613 mollins
881 2535 1166 2631 acciperetnr2)‚
1210 2543 1376 2632 multum

185 2665 377 2732 falluntur.
434 2665 526 2732 Nam
572 2685 639 2751 per
684 2668 752 2732 has
795 2666 937 2732 litteras
982 2663 1054 2730 nisi
1096 2664 1142 2730 de
1184 2662 1378 2729 seditione

186 2785 358 2852 kalendis
407 2786 593 2851 Ianuariis
643 2786 740 2852 facta
787 2805 860 2851 non
913 2789 969 2851 est
987 2766 1215 2861 nuntiatum3
1265 2783 1375 2867 quod

185 2904 409 2971 Plutarchus
430 2905 470 2971 G.
494 2906 542 2970 22
564 2906 711 2972 demum
737 2908 1001 2971 commemorat
1016 2895 1055 2987 3).
1098 2903 1249 2968 Interea
1271 2921 1376 2987 quae

186 3029 353 3090 extremo
389 3044 488 3090 anno
522 3024 570 3091 68
598 3024 696 3090 fiunt
723 3024 900 3091 describit
912 3017 958 3110 4).
1004 3021 1185 3090 Consules
1213 3017 1375 3105 quidem

184 3239 389 3247 ———.-—..—

288 3394 311 3471 ¹)
347 3395 419 3453 Miro
453 3413 551 3453 errore
585 3393 842 3454 Orellius-Meiser
869 3397 924 3454 hoc
946 3396 989 3453 ita
1010 3395 1253 3470 interpretantur,
1279 3400 1314 3452 ut
1338 3397 1375 3454 A.

183 3497 339 3557 Vitellium
362 3497 548 3556 consularem
573 3497 667 3555 inisse
691 3505 809 3572 negent.
854 3497 911 3556 etr.
936 3497 1003 3556 Tac.
1026 3498 1101 3554 Ann.
1124 3495 1168 3554 XI
1191 3496 1239 3553 23.

261 3616 311 3692 ,2)
335 3616 385 3675 Sic
407 3616 517 3674 Lezius
540 3635 568 3691 p.
594 3619 646 3690 173
671 3617 757 3675 Fabia
781 3636 809 3693 p.
835 3618 873 3676 10
897 3635 956 3693 sq.;
981 3615 1080 3691 Groag
1102 3634 1130 3692 p.
1156 3615 1228 3674 739:
1274 3629 1276 3635 ·
1371 3686 1373 3690 Ι

299 3728 532 3816 )’Υβριζόντων
555 3733 589 3793 G.
616 3737 654 3794 19
676 3737 713 3794 ad
737 3736 846 3794 indicia
868 3736 1053 3812 erumpentis
1076 3735 1229 3794 seditionis
1247 3737 1375 3811 spectat

181 3838 253 3913 ples
276 3839 419 3914 premiere
445 3843 629 3912 symptdmes
652 3839 688 3897 de
713 3839 838 3896 revolte»
860 3838 948 3896 Fabia
972 3857 999 3914 p.
1017 3838 1080 3912 nt:
1100 3835 1257 3918 ἐκραγέντα
1275 3836 1313 3898 G.
1330 3840 1374 3898 22

181 3940 220 3998 ad
242 3946 374 4016 apertam
399 3939 604 3997 delectionem.

285 4059 311 4135 ⁴)
345 4059 462 4116 Fabiam
486 4076 514 4132 p.
541 4059 588 4131 15,
611 4076 680 4116 eum
706 4058 741 4117 G.
767 4061 813 4126 19.
838 4061 934 4118 o--2l
965 4065 1039 4118 extr.
1063 4060 1182 4134 longam
1204 4059 1375 4134 digressio-

182 4178 248 4220 nem
279 4166 373 4227 vooat,
397 4160 475 4234 fugit
496 4161 554 4217 iam
578 4158 613 4218 G.
640 4163 689 4235 21,
713 4176 723 4219 1
748 4162 783 4218 ad
808 4180 905 4220 rerum
930 4162 1062 4220 ordinem
1087 4161 1181 4220 rediri.
1227 4161 1375 4224 Declarat

179 4255 260 4324 itti
282 4261 432 4338 (Latinum
456 4262 540 4337 sed),
563 4263 644 4338 quod
667 4263 785 4339 proprie
809 4263 930 4338 ponitur
952 4265 983 4320 in
998 4265 1097 4323 reditu
1112 4264 1149 4322 ad
1165 4267 1374 4340 propositum.
