2978 4800
194 285 254 344 106

255 475 335 542 Iam
385 494 483 559 quae
529 475 566 540 in
610 475 835 541 contrarium
881 476 1124 560 disputantur
1167 476 1336 542 breviter

154 594 348 681 attingam.
404 593 522 661 Fabia
556 594 707 678 quidem
744 614 778 679 p.
819 595 869 662 64
906 614 961 679 sq.
1000 600 1036 661 et
1071 596 1145 660 217
1184 595 1335 661 Momm·

150 714 295 780 senium
315 733 350 798 p.
373 713 449 780 308
470 716 655 800 sequitur:
678 715 779 799 quod
799 716 956 782 dixisset
976 720 1105 782 auctor
1125 716 1334 782 communis

151 853 172 900 a
200 834 402 900 Plutarcho
438 834 578 912 ascisci,
613 834 842 922 redarguis
871 835 1013 914 Tacito;
1043 836 1198 903 invenio
1226 837 1334 921 opud

150 953 339 1039 quosdam
367 957 538 1021 auctores
566 973 641 1020 non
674 973 756 1021 esse
788 954 1065 1039 impediment0‚
1100 975 1177 1041 quo
1209 955 1333 1022 minus

152 1092 267 1139 unum
310 1073 422 1139 modo
462 1072 604 1139 fontem
642 1093 663 1139 a
702 1073 829 1140 Tacito
871 1073 1078 1141 adhibitum
1119 1075 1330 1161 intellegas.

151 1192 271 1268 Quem
290 1193 441 1277 quidem
471 1212 635 1259 errorem
663 1192 832 1259 funditus
861 1194 1068 1260 eiciendum
1095 1195 1206 1261 docet
1230 1195 1333 1261 Bois·

151 1312 225 1378 sicr
252 1313 289 1378 in
317 1313 592 1379 commentariis
620 1313 684 1398 qui
713 1313 843 1379 Revue
871 1313 938 1380 des
966 1314 1067 1380 deux
1095 1314 1256 1381 mondes
1284 1316 1333 1381 11-

150 1431 376 1511 scribuntur,
407 1452 439 1498 1.
472 1432 585 1511 1901,
615 1437 702 1499 tom.
732 1432 783 1498 IV
813 1453 848 1518 p.
878 1434 966 1500 251.
996 1434 1114 1499 Porro
1142 1434 1251 1519 quod
1270 1435 1333 1501 Fa-

112 1579 114 1583 ·
150 1551 212 1619 bia
240 1571 276 1637 p.
306 1552 354 1619 65
385 1553 472 1619 adn.
505 1554 522 1619 1
555 1557 591 1619 et
617 1573 654 1638 p.
684 1552 761 1620 280
795 1552 1036 1620 Plutarchum
1064 1554 1159 1620 haec
1188 1556 1333 1640 aptiore

149 1671 231 1738 loco
272 1691 463 1757 exponere
503 1678 630 1739 censet
664 1692 777 1757 quam
806 1673 983 1751 Tacitum,
1012 1673 1158 1740 nullum
1186 1674 1230 1740 id
1260 1694 1335 1742 esse

152 1797 416 1876 argumentum
462 1795 591 1860 monui
637 1794 674 1859 iu
720 1787 1012 1878 Praefatione1).
1083 1793 1232 1860 Verum
1280 1816 1336 1862 cur

152 1910 251 1979 Otho
279 1912 471 1979 decertare
499 1912 763 1990 constituisset,
784 1912 989 1979 communis
1008 1913 1069 1979 ille
1089 1917 1229 1980 auctor
1251 1917 1335 1982 sicut

152 2031 376 2098 Plutarchus
407 2031 684 2116 Suetoniusque
712 2032 807 2098 duas
827 2032 976 2099 videtur
997 2033 1168 2098 attulisse
1188 2053 1329 2113 causas,

151 2151 306 2217 militum
347 2152 548 2218 dimicandi
590 2152 807 2218 aviditatem
840 2157 876 2218 et
903 2152 1093 2219 mollitiam
1122 2152 1258 2238 ipsius
1278 2156 1325 2220 111-

151 2272 346 2356 peratoris.
400 2272 482 2338 Hae
515 2271 616 2356 quod
646 2291 667 2337 a
696 2272 826 2366 Tacitox
857 2272 1004 2339 silentio
1031 2280 1322 2357 praetereuntur,

152 2411 200 2457 ex
236 2409 281 2457 eo
317 2391 501 2476 suspicari
536 2390 631 2470 licet,
669 2411 782 2477 quam
815 2391 929 2458 fuerit
956 2392 1015 2458 hic
1043 2393 1217 2460 auctoris
1249 2413 1329 2463 com·

103 2581 106 2587 ,
151 2512 272 2577 munis
314 2511 514 2578 dissimilis.
571 2512 650 2578 Iam
692 2530 783 2578 vero
823 2512 870 2578 de
902 2513 1005 2596 pacis
1034 2512 1233 2581 desiderio
1263 2532 1335 2581 cum

152 2631 300 2698 Tacitus
329 2631 516 2716 quaedam
544 2632 723 2716 disputat,
754 2632 855 2716 apud
878 2630 1094 2698 Suetonium
1114 2633 1228 2700 nulla
1248 2639 1337 2701 sunt

152 2751 256 2838 Ergo
293 2752 516 2817 Plutarchus
555 2752 603 2818 ad
636 2770 770 2817 causas
797 2751 880 2818 illas
910 2771 930 2818 a
959 2752 1146 2818 communi
1185 2759 1337 2820 auctore

150 2872 365 2956 propositas
393 2872 490 2936 hanc
517 2890 564 2936 ex
593 2871 767 2937 Historiis
796 2871 945 2938 videtur
974 2871 1163 2938 adiecisse.

253 2991 381 3077 Groag
401 2997 523 3056 autem
540 3011 575 3076 p.
593 2993 668 3058 755
686 3010 767 3076 sqq.
785 2991 1006 3058 sententiam
1022 2990 1218 3058 Plutarchi
1233 2993 1336 3060 haud

149 3112 363 3196 impugnari
393 3131 413 3176 a
443 3110 570 3176 Tacito
597 3114 695 3177 recte
722 3111 905 3197 intellegit
916 3104 954 3196 2).
1003 3111 1075 3187 Qui
1105 3112 1211 3194 quod
1240 3132 1336 3180 com·

149 3231 277 3316 plures
307 3235 476 3297 auctores
506 3250 527 3296 1
556 3231 683 3297 Tacito
711 3231 898 3316 inspectos
927 3235 1035 3315 putat
1061 3251 1260 3317 unumque
1291 3253 1336 3300 ex

149 3351 194 3416 iis
224 3371 243 3416 a
271 3350 485 3429 Plutarch0,
528 3351 644 3417 multo
684 3350 917 3435 probabilior
950 3351 1012 3417 illa
1041 3351 1194 3435 quidem
1237 3354 1336 3420 ratic

150 3478 206 3536 cst
239 3491 351 3556 quam
387 3471 618 3537 Mommsenii
654 3470 882 3556 Fabiaeque,
919 3470 984 3537 sed
1022 3491 1069 3536 ue
1104 3489 1148 3537 11
1179 3473 1335 3556 quidem

150 3591 313 3657 admissa
366 3591 584 3675 explicatur,
636 3610 712 3675 quo
762 3590 873 3656 modo
923 3590 1104 3656 mirabilis
1158 3591 1222 3658 illc
1276 3593 1337 3659 val

149 3712 186 3776 in
226 3710 382 3796 singulis
424 3709 551 3777 verbis
597 3729 801 3776 consensus
854 3710 1047 3776 exstiterit.
1104 3709 1259 3778 Etenim
1308 3713 1337 3779 si

150 3830 353 3916 Groagium
389 3830 572 3908 audimus
603 3830 694 3896 illud
722 3849 872 3914 quoque
901 3830 1066 3896 dandum
1096 3834 1161 3907 cst,
1191 3831 1339 3920 digres-

252 4084 275 4160 1)
300 4084 358 4142 ou.
382 4085 470 4142 etiam
494 4101 585 4159 supra
609 4102 636 4158 p.
663 4084 721 4141 102
745 4083 812 4140 adn.
838 4085 864 4140 i.

251 4204 275 4273 ²)
298 4204 491 4262 Plutarchum
516 4202 615 4260 Tacito
640 4220 804 4277 repugnare
819 4203 993 4260 existimant
1008 4203 1096 4261 etiam
1112 4201 1343 4268 Gerstenccker

150 4327 177 4384 p.
201 4310 235 4366 51
265 4325 309 4382 sq.
332 4314 362 4364 ct
386 4306 494 4363 Lenius
518 4324 545 4380 p.
568 4307 642 4377 126;
666 4304 735 4380 plus
761 4305 833 4362 vidit
856 4305 972 4363 Krauss
995 4323 1023 4391 p.
1046 4306 1064 4363 3
1088 4322 1133 4380 sq.
1157 4313 1190 4365 et
1218 4312 1274 4368 12,
