2978 4800
191 221 231 278 22

190 401 255 470 ὅσοι
277 402 306 468 δὲ
328 401 366 484 μὴ
387 403 565 486 προσέθεντο
587 399 712 466 Οὐΐνδικι
806 403 911 477 (Multo
935 403 1033 463 fusius
1056 401 1089 462 Τ.
1112 403 1128 461 Ι
1151 404 1191 462 53
1217 399 1273 478 sq.)

148 507 365 588 κολαζομένους,

190 600 216 688 ᾧ
246 604 324 690 μόνῳ
354 606 405 673 τόν
425 603 550 692 Γάλβαν
570 607 656 691 χάριν
678 607 712 672 οἰ-

147 713 225 775 δέναι
247 707 296 774 καὶ
317 710 405 792 τιμᾶν
425 704 588 792 τεθνηκότα
607 705 656 773 καὶ
670 735 712 792 γι-

148 814 256 895 ραίρειν
289 811 433 895 δημοσίοις
468 812 636 894 ἐναγισμοῖς,
671 807 712 884 οἷς

147 911 194 979 ὑπ’
218 914 324 979 ἐκείνου
344 909 491 994 Ῥωμαιοιν
518 910 711 996 ἀποδεδειγμέ·

147 1042 196 1081 νον
217 1012 432 1099 αότοκρόιτορα.

251 1226 475 1293 Plutarchus
521 1231 561 1293 ut
606 1226 700 1292 iram
746 1227 974 1294 exercituum
1021 1224 1333 1294 Germanicorum

148 1366 359 1431 causasque
389 1347 479 1424 eine,
509 1346 556 1412 de
585 1344 724 1430 quibus
752 1346 825 1412 iam
853 1345 894 1413 G.
927 1347 972 1414 18
1001 1348 1245 1432 exposuerat,
1275 1343 1334 1411 bis

149 1470 469 1543 commemoraret,
500 1484 543 1531 eo
571 1465 710 1531 factum
740 1469 805 1543 est,
832 1465 934 1550 quod
953 1466 990 1532 in
1011 1464 1056 1533 G.
1077 1465 1127 1531 22
1147 1463 1230 1531 init.
1253 1482 1335 1530 auc-

148 1593 266 1654 torem
294 1584 536 1670 principalem
565 1585 735 1651 mutavit.
778 1584 883 1651 Haec
910 1586 1006 1652 enim
1026 1585 1071 1652 iis
1090 1584 1336 1668 respondent.

149 1725 247 1792 quae
287 1705 435 1771 Tacitus
463 1704 480 1770 Ι
508 1705 553 1770 51
599 1723 681 1789 sqq.
725 1703 898 1771 seditioni
940 1703 1184 1772 Germanicae
1228 1722 1337 1788 prae

149 1825 273 1904 mittit;
314 1843 543 1910 quamquam
580 1823 802 1890 Plutarchus
835 1844 910 1891 non
938 1824 1030 1909 ipsis
1058 1822 1174 1890 Taciti
1204 1822 1336 1889 verbis

149 1946 275 2024 utitur,
324 1945 389 2011 sed
431 1943 607 2029 quioquid
656 1944 833 2023 meminit,
875 1945 948 2010 huc
990 1943 1134 2010 infulcit
1147 1933 1185 2025 1).
1254 1943 1336 2009 Iam

150 2085 248 2151 quae
289 2065 336 2132 de
371 2063 515 2130 inferiis
548 2064 694 2129 Vindici
722 2063 829 2130 factis
855 2063 1032 2149 loquitur,
1063 2063 1159 2130 adeo
1188 2081 1211 2129 a
1241 2081 1337 2131 vero

151 2185 354 2252 abhorrent
367 2178 406 2269 ⁶²),
435 2187 477 2249 ut
504 2202 524 2249 e
551 2202 664 2268 super
691 2184 915 2250 inemoriarn
951 2183 1122 2250 Vindicis
1150 2183 1167 2249 Ι
1196 2182 1222 2249 8
1252 2201 1336 2268 per·

150 2324 280 2390 peram
309 2303 503 2370 intellectis
531 2313 613 2369 orla
640 2302 829 2368 coniciam.

196 2524 316 2582 10-11
364 2516 510 2583 Τοιούτων
547 2514 716 2599 ἀναφανδὸν

149 2621 201 2707 ἥδη
224 2620 317 2706 λόγων
339 2624 367 2687 ἐν
388 2622 430 2702 τῷ
460 2623 645 2706 στρατοπέδῳ
671 2646 717 2683 τε·

151 2726 344 2808 ριφερομόνων

196 2833 318 2888 11--17
376 2828 499 2906 ἐπῆλθεν
531 2823 547 2908 ἡ
581 2827 716 2907 νουμηνία
812 2827 888 2888 155
922 2832 960 2889 At
987 2830 1020 2888 in
1042 2829 1189 2905 superiore
1210 2830 1340 2891 exercitu

149 2932 201 2995 τοῦ
233 2925 348 3015 τρόπον
380 2925 475 3010 μηνός,
505 2923 539 3010 ἢν
569 2924 717 2999 καλάνδας
769 2939 872 3007 quarta
901 2938 926 2990 et
955 2930 1178 2991 duetvicensima
1199 2930 1337 3007 lepinnes,

147 3029 330 3112 Ἰανουαρίας
352 3032 487 3094 καλοῦσι·
502 3030 554 3093 τοῦ
570 3028 600 3093 δὲ
620 3026 717 3094 ‘Idcir-
768 3034 872 3093 iisdem
889 3035 1017 3092 hibernis
1033 3034 1182 3110 tendentes,
1203 3032 1270 3108 ipso
1285 3034 1339 3093 lca-

150 3161 202 3198 κοο
234 3127 446 3215 συναγαγόντος
473 3128 579 3204 αὐτοὺς
601 3128 645 3195 ἐπὶ
666 3128 718 3196 τὸν
769 3136 919 3195 lendarurn
935 3137 1144 3194 Ianuariarum
1158 3134 1204 3193 dr'e
1220 3135 1338 3195 dirum-

151 3232 245 3316 όρκον,
268 3230 301 3300 ὃν
322 3234 391 3306 ἔθος
414 3231 489 3298 ἐστὶν
511 3229 621 3316 ὀμνόειν
646 3230 716 3316 ὑπὲρ
764 3246 841 3315 pura
863 3239 1006 3315 irnapines
1033 3237 1145 3312 Galbae,
1168 3243 1275 3312 quarta
1298 3237 1338 3296 lc-

150 3341 202 3402 τοῦ
226 3332 451 3420 αὐτοκράτορος,
469 3333 524 3408 τὰς
539 3335 590 3419 μὲν
605 3333 716 3409 εἰκόνας
765 3343 815 3417 pio
824 3342 1001 3419 promptius,
1014 3339 1237 3399 duetvicensima
1248 3358 1339 3398 eunc-

150 3441 201 3504 τοῦ
225 3447 256 3504 Γ
254 3436 331 3525 sillia
363 3435 574 3523 προσελθόντες
605 3436 716 3523 circipe-
768 3449 868 3516 tenter,
891 3463 959 3505 rnoa
980 3461 1130 3503 consensu.

151 3563 215 3622 ψαν
237 3538 287 3606 καὶ
309 3543 508 3619 κατέσπασαν,
810 3547 880 3623 (afr.
902 3553 1054 3622 praeterea
1076 3545 1091 3602 I
1115 3547 1154 3604 55
1177 3543 1339 3618 Inferioris

768 3655 863 3708 tanna
879 3648 1052 3708 Gemonias
1067 3647 1189 3721 lepunes
1200 3645 1339 3704 solumni

154 3801 357 3808 -----.

255 3920 278 3995 1)
313 3922 343 3980 Si
376 3924 544 4013 quicquam,
575 3924 646 3981 haec
673 3929 719 3982 est
742 3924 893 3999 iunctura3
918 3923 954 3980 de
976 3922 1080 3980 Petero
1104 3920 1138 3980 G.
1161 3921 1193 3980 L.
1216 3940 1245 3996 p.
1270 3923 1335 3982 275

150 4025 246 4083 dicam
270 4025 344 4082 inira
367 4043 394 4099 p.
421 4027 479 4084 153
503 4026 570 4084 adn.
596 4029 622 4085 1.

253 4144 277 4218 2)
302 4144 361 4202 Cir.
387 4144 489 4218 Hardy
512 4163 541 4219 p.
567 4147 625 4204 172
651 4163 695 4221 sq.
739 4145 791 4216 lie,
821 4162 897 4220 quae
920 4144 1028 4202 milites
1057 4143 1190 4202 dicentes
1214 4143 1337 4221 iaceret,

151 4247 258 4306 coloris
282 4247 351 4323 plus
375 4247 516 4305 inducere
539 4247 660 4306 licuisse
682 4247 843 4306 Plutarcho
867 4252 968 4305 monet
990 4246 1100 4304 Lenius
1123 4264 1151 4320 p.
1175 4247 1224 4305 29.
