2978 4800
195 230 254 287 112

255 420 395 486 3-18.
452 420 553 486 Nihil
581 438 657 485 nou
686 439 706 485 a
735 419 862 485 Tacito
889 420 1072 486 convertit
1100 421 1335 487 Plutarchus.

151 539 232 606 Hoc
258 544 357 606 certe
385 540 432 606 de
460 560 496 605 r.
527 541 638 617 5-7,
665 539 729 624 qui
757 539 859 606 locus
879 540 1002 624 utqui
1021 541 1183 606 maxime
1204 541 1335 607 similis

151 653 259 744 est1),
288 660 432 745 liquido
460 658 682 725 confirmare
711 678 919 742 possumus.
976 658 1049 726 Sed
1078 661 1190 726 etiam
1209 666 1334 727 cetera

151 780 275 846 omnia
304 780 437 864 (3-4,
467 777 609 863 8—18)
639 778 734 844 adeo
761 779 902 863 pariter
931 786 1133 845 excurrunt
1162 780 1335 866 adeoque

152 899 374 984 aequalibus
415 904 456 966 ut
493 899 544 964 ita
581 898 701 964 dicam
736 898 943 965 intervallis
980 898 1120 966 distant
1157 919 1335 967 anarra·

151 1021 251 1086 tione
293 1019 420 1097 Taciti,
460 1019 524 1083 vix
561 1023 602 1085 ut
642 1018 793 1083 aliunde
831 1023 978 1102 sumpta
1015 1020 1162 1103 possint
1199 1021 1333 1087 videri.

151 1141 195 1205 In
223 1139 353 1224 primis
382 1159 417 1204 v.
448 1138 575 1204 9-14
595 1142 631 1204 et
653 1138 802 1204 14-18
822 1142 925 1221 patet
943 1158 1025 1204 cmn
1045 1138 1225 1206 Historiis
1246 1142 1335 1207 mire

152 1259 355 1325 concinere.
412 1258 520 1324 Adde
562 1258 663 1342 quod
705 1257 863 1335 Tacitus,
903 1278 984 1324 cum
1020 1259 1057 1324 ΙΙ
1090 1259 1141 1326 39
1170 1279 1231 1344 sq.
1262 1261 1334 1327 duo

151 1379 304 1444 consilia
334 1378 519 1462 binasque
548 1377 706 1444 Othonis
734 1378 876 1444 litteras
902 1387 1179 1458 commemorat,
1202 1380 1244 1446 id
1263 1385 1332 1447 tam

153 1497 327 1584 ambigue
356 1497 455 1575 facit,
484 1504 525 1563 ut
552 1498 673 1582 primo
702 1497 862 1576 dubites,
894 1517 940 1563 au
969 1499 1044 1564 duo
1072 1498 1135 1564 illa
1164 1520 1246 1567 non
1267 1503 1335 1567 sint

153 1618 381 1683 secernenda
396 1611 432 1701 2').
487 1617 596 1694 Quod
639 1617 891 1695 Plutarchum,
934 1619 997 1703 qui
1033 1619 1188 1703 quidem
1227 1623 1335 1688 semel

152 1737 389 1803 consiliorum
426 1737 709 1821 litterarumque
738 1738 962 1804 mentionem
991 1738 1089 1817 facit,
1121 1742 1335 1808 testimonio

152 1864 208 1923 est
236 1857 412 1923 Historiis
440 1857 548 1923 inniti
576 1857 677 1922 hand
707 1858 797 1922 satis
824 1858 1029 1942 perspectis
1045 1852 1081 1942 ³³).

255 1976 324 2043 Hic
362 1977 452 2042 mihi
495 1976 671 2043 adferunt
703 1969 932 2061 numer084),
962 1977 1008 2043 de
1037 1977 1180 2061 quibus
1214 1981 1331 2047 Tacito

152 2117 234 2163 cum
275 2097 475 2164 Plutarcho
512 2117 547 2161 v,
587 2097 690 2162 3--4
725 2103 761 2162 et
788 2117 823 2162 v.
854 2096 955 2162 8---9
984 2116 1117 2180 parum
1146 2101 1324 2168 convenit.

152 2217 288 2282 Verum
330 2217 400 2282 hoc
436 2217 557 2281 minus
595 2216 706 2294 valet,
737 2217 913 2301 quoniam
943 2216 1050 2282 facile
1078 2221 1115 2282 et
1143 2217 1319 2288 Plutarchi

153 2336 270 2421 ipsius
299 2340 334 2401 et
361 2334 599 2401 librariorum
627 2335 793 2419 irrepere
821 2340 1024 2419 potueruut
1042 2355 1198 2404 errores
1222 2356 1322 2423 neque

152 2457 304 2522 omuino
346 2455 392 2523 de
433 2455 547 2522 Taciti
590 2455 775 2521 sententia
815 2455 998 2521 habemus
1039 2456 1141 2539 quod
1189 2457 1331 2544 liqueat.

153 2576 276 2642 Unum
312 2576 382 2641 hac
417 2576 455 2640 iu
492 2594 533 2641 re
560 2575 651 2641 illud
692 2575 866 2641 momenti
900 2574 1041 2659 aliquid
1073 2574 1208 2656 habet,
1241 2577 1332 2663 quod

256 2811 278 2885 ¹)
302 2811 361 2869 Clr.
384 2812 523 2875 Boissier,
545 2810 668 2868 Journal
691 2810 743 2867 des
768 2808 906 2879 Savants,
925 2827 950 2865 a.
973 2811 1062 2880 1895,
1086 2828 1114 2884 p.
1125 2811 1218 2887 -4103
1236 2813 1336 2872 Iustus

151 2914 273 2989 Lipsius
296 2915 332 2970 ad
355 2913 423 2971 adeo
446 2913 589 2988 imperite:
614 2912 736 2970 »Totum
760 2912 840 2969 hunc
863 2911 959 2968 locum
984 2912 1125 2969 verbatim
1150 2912 1337 2974 Plutarchus

151 3017 312 3092 expressit,
336 3024 369 3074 ut
392 3016 533 3091 pleraque
555 3015 634 3072 alia».

255 3116 278 3191 ²)
302 3118 360 3176 Cir.
384 3118 492 3176 Lezius
516 3137 544 3193 p.
572 3119 631 3176 139
655 3136 699 3192 sq.

254 3220 277 3294 ³)
301 3221 359 3278 Cir.
384 3221 468 3277 Fabia
491 3239 519 3295 p.
544 3222 599 3279 68:
639 3219 818 3295 »Plutarque
835 3264 841 3275 .
858 3264 863 3276 .
883 3237 921 3276 .a
944 3219 1000 3276 mal
1017 3220 1137 3276 resume
1155 3237 1191 3277 sa
1208 3239 1337 3281 source».

151 3324 245 3380 Etiam
281 3317 341 3384 ἀλλ’
376 3317 467 3400 ᾤοντο
501 3327 557 3384 δεῖν
587 3321 741 3402 περιμένειιι·
765 3341 790 3379 1.
817 3322 854 3379 10
878 3339 976 3395 nugae
999 3328 1083 3378 suut:
1109 3321 1167 3381 vid.
1193 3322 1336 3384 Gersteu·

151 3425 238 3483 ecker
260 3445 288 3501 p.
313 3428 362 3496 34,
386 3426 472 3483 Fabia
496 3426 513 3482 l.
536 3426 570 3482 Ι.;
595 3426 772 3500 »Plutarque
794 3443 810 3481 a
834 3431 893 3481 tort
915 3424 1089 3497 cgalement,
1123 3427 1226 3500 qua-ud
1251 3428 1273 3485 il
1296 3428 1336 3485 dit

152 3546 210 3603 quc
240 3528 383 3586 Paulinus
416 3528 528 3585 voulait
550 3528 687 3586 attendre
711 3528 785 3584 daus
802 3527 829 3584 le
853 3544 952 3601 camp:
977 3526 1020 3584 les
1044 3526 1280 3588 inconvenients
1303 3531 1336 3588 de

152 3649 185 3688 ce
216 3649 301 3705 camp
324 3632 435 3689 etaient
459 3637 526 3706 trop
550 3631 695 3688 seusibles
718 3648 794 3705 pour
816 3628 910 3704 qu’un
932 3630 1050 3686 homme
1073 3629 1112 3685 du
1137 3631 1247 3688 metier
1271 3651 1336 3709 pro·

152 3737 238 3807 posit
260 3733 311 3806 d’y
335 3739 451 3791 rester».

256 3832 280 3897 4l
296 3837 354 3894 Cir.
371 3835 459 3893 Fabia
474 3855 501 3910 p.
519 3838 557 3894 68
574 3844 603 3894 et
617 3837 656 3894 69
671 3835 739 3891 adn.
756 3837 782 3893 1.
794 3870 834 3876 —
847 3834 966 3893 Tacitus
983 3835 1070 3893 habet
1086 3841 1233 3910 quattuor
1251 3839 1339 3901 milia.

152 3939 331 3995 Plutarchus
354 3931 531 4018 campanum
555 3932 672 4012 στάδια,
694 3939 773 4013 quod
797 3938 866 3995 facit
888 3937 1017 4012 amplius
1034 3955 1087 3995 sex
1104 3937 1202 4013 milia3
1229 3941 1339 4000 deiude

152 4040 274 4098 Tacitus
299 4041 427 4098 sedecim
452 4041 540 4108 milia,
564 4041 742 4098 Plutarchus
766 4034 868 4101 ἑκατὸν
890 4033 1005 4112 στάδια,
1028 4058 1102 4115 quae
1126 4048 1200 4100 sunt
1223 4045 1266 4102 ad
1282 4053 1339 4104 tre-

151 4144 245 4200 decim
270 4143 357 4200 milia.
402 4143 461 4201 011.
485 4143 562 4200 Plut.
586 4143 616 4201 C.
641 4142 763 4201 Graceh.
789 4145 803 4200 i
828 4135 861 4203 τὸ
882 4138 910 4203 δὲ
933 4140 1024 4222 pallor
1047 4133 1123 4204 ὀκτώ
1137 4145 1274 4208 σταδίων
1289 4144 1341 4210 ‹lll-

151 4270 200 4324 γον
222 4240 330 4307 ἀποδεῖ.
