2978 4800
193 246 252 304 152

148 436 361 503 malaracti
403 454 447 501 ca
494 454 553 501 res
593 435 797 502 consiliam
839 432 996 502 Galbae.
1053 433 1102 500 Ut
1134 453 1258 518 usque
1287 434 1336 499 ad

148 557 189 623 Ρ.
208 556 252 623 G.
270 558 315 621 21
341 561 434 622 extr.
452 574 682 622 communem
703 553 842 621 fontem
863 553 942 620 fere
961 553 1116 620 subesse
1135 553 1266 638 liquet,
1284 555 1336 622 ita

149 681 305 762 propter
337 677 407 741 has
439 673 701 741 similitudines
731 673 779 740 ab
813 673 919 739 initio
947 672 995 738 22
1023 673 1337 757 capitis'Plutar·

120 795 257 862 chum
292 795 339 861 ad
375 794 541 860 Tacitum
571 812 610 859 se
640 793 828 878 applicare
863 793 941 858 veri
970 791 1195 858 simillimum
1223 787 1333 879 est1).

253 914 332 980 Iam
370 933 417 980 ne
454 932 536 979 cum
572 913 773 979 Plutarcho
809 931 982 998 pugnare
1018 911 1184 996 opineris
1218 913 1358 981 Taciti¹

149 1054 388 1121 qaamqaam
422 1032 526 1100 achil
553 1032 681 1099 adhac
710 1033 756 1098 dc
792 1030 941 1098 Vitellio
970 1034 1124 1111 cartam;
1155 1051 1270 1116 quem
1298 1034 1334 1099 in

150 1173 314 1221 errorem
344 1144 586 1239 plerosquel)
614 1152 764 1219 induxit
793 1169 928 1218 nomen
960 1139 1094 1217 Vitellii
1123 1151 1164 1219 G.
1190 1152 1238 1218 19
1256 1174 1291 1218 v,
1315 1155 1331 1219 1

150 1278 186 1341 et
214 1273 255 1341 G.
287 1274 334 1340 23
365 1294 399 1338 v.
433 1274 464 1338 1.
523 1271 598 1339 Sed
626 1277 769 1338 certum
796 1270 842 1337 de
873 1270 1019 1336 Vitellio
1047 1271 1220 1338 nuntium
1252 1279 1335 1358 post

150 1394 300 1460 demum
331 1393 479 1458 venisse
509 1390 663 1458 definite
691 1391 779 1458 dicit
806 1389 1047 1457 Plutarchus:
1234 1395 1237 1399 ’

252 1616 293 1681 Ρ.
328 1615 369 1682 0.
401 1617 436 1692 4,
465 1624 545 1674 4-5.

188 1778 265 1863 Ἤδη
282 1776 336 1864 γὰρ
351 1777 500 1863 ἠγγέλλετο
511 1779 634 1862 βεβαίως
650 1774 716 1842 Οὗϊ·
811 1781 824 1838 1
859 1781 899 1840 50
948 1781 1099 1856 'llrcpa'dam
1134 1780 1236 1838 arbem
1267 1826 1274 1838 .
1298 1826 1331 1837 ..

149 1885 259 1954 τέλλιος
281 1879 396 1963 ἀξίωμα
420 1877 469 1945 καὶ
492 1877 610 1960 δύναμιν
632 1877 715 1944 αὐτο·
767 1901 859 1941 acuas
880 1883 1002 1958 iusuper
1023 1882 1057 1941 dc
1084 1882 1196 1941 Vitellia
1210 1882 1333 1940 naahas

150 1978 295 2066 κράτορος
318 1979 514 2064 ἀνειληφώς3).
768 1985 911 2056 eatarait,
932 1990 997 2044 ante
1012 1987 1121 2043 caedem
1142 1984 1251 2043 Galbae
1265 2003 1332 2060 sap·

763 2106 894 2162 pressas,
905 2093 938 2145 at
956 2093 1070 2152 tantam
1085 2086 1248 2162 superioris
1268 2086 1332 2146 Ga·-

768 2189 884 2247 maaiaa
922 2188 1060 2246 eacraitas
1095 2188 1246 2246 desciuisse
1279 2206 1333 2246 crc-

767 2291 886 2349 dcretar.
909 2290 979 2365 (cfr.
1001 2290 1017 2347 Ι
1041 2292 1088 2362 16,
1106 2302 1147 2364 17;
1175 2292 1224 2366 19,
1240 2302 1253 2348 7
1271 2290 1333 2366 sq.).

246 2490 342 2597 Ἤδη
371 2493 438 2593 γὰρ
466 2494 651 2594 ἠγγέλλετο
680 2498 830 2587 βεβαίως
866 2490 1080 2580 (latratur
1111 2497 1335 2564 Plutarchus

154 2620 279 2687 verbis
307 2621 424 2687 Taciti
452 2621 469 2686 I
502 2622 549 2686 14
578 2639 816 2706 quamquam
840 2618 943 2685 atta
967 2618 1095 2684 adhac
1115 2617 1161 2683 dc
1185 2617 1335 2684 Vitellia

153 2744 293 2807 cartam
320 2739 481 2806 fortasse
512 2739 674 2824 quadam
703 2738 815 2805 mode
843 2737 1030 2822 opposuit.

257 3169 387 3235 Restat
415 3171 456 3234 ut
484 3168 621 3252 quibus
650 3168 697 3234 de
725 3168 839 3234 rebus
868 3167 904 3231 in
933 3167 1003 3235 hcc
1030 3184 1192 3233 excursu
1218 3167 1339 3233 verba

152 3287 222 3354 feci
250 3287 416 3353 breviter
443 3286 625 3371 colligam.

257 3503 279 3581 1)
303 3504 362 3564 Cir.
388 3522 478 3580 supra
500 3522 529 3580 p.
553 3505 590 3561 21
617 3521 662 3580 sq.
685 3509 714 3562 et
738 3504 774 3562 de
797 3502 923 3562 comitiis
944 3503 1063 3578 imperii
1083 3521 1111 3579 p.
1135 3505 1185 3562 34.

256 3622 279 3697 ²)
303 3625 342 3684 Ut
364 3625 487 3682 Lezium
516 3642 544 3699 p.
575 3626 623 3698 17,
653 3624 796 3682 Hardium
828 3624 865 3682 ad
897 3617 913 3685 ὁ
942 3617 972 3685 δὲ
999 3621 1146 3705 φοβηθείς,
1174 3622 1339 3700 Groagium

153 3746 181 3804 p.
200 3729 270 3787 739.
304 3727 358 3785 Dio
382 3726 480 3784 LXIV
504 3729 522 3784 5
546 3745 563 3783 a
585 3725 738 3802 Xiphilina
756 3731 906 3784 coartatus
923 3725 953 3782 in
969 3725 1025 3784 hoc
1040 3744 1057 3782 a
1072 3724 1172 3783 Tacito
1189 3725 1339 3798 dissentit,

153 3865 212 3906 non
235 3846 426 3905 Plutarchus.

257 3965 282 4038 3λ
307 3965 440 4047 Βεβαίως
462 3965 537 4023 adde
553 3965 588 4022 ad
604 3959 765 4045 ἠγγέλλετο,
789 3982 847 4022 non
862 3965 900 4022 ad
917 3958 1085 4044 ἀνειληφώς.
1115 3963 1195 4023 »The
1211 3983 1297 4025 news
1313 3968 1340 4024 ct

155 4067 304 4128 Vitellius'
339 4069 489 4127 elevation
524 4085 586 4126 was
621 4086 690 4125 now
721 4067 895 4125 confirmed»
926 4065 1042 4146 (Hardy
1074 4085 1101 4142 p.
1130 4069 1191 4142 56).
1237 4069 1339 4128 Minus

154 4173 228 4230 bene
251 4171 338 4230 Fabia
360 4189 388 4246 p.
413 4172 470 4229 43:
507 4170 578 4229 »Car
600 4187 638 4227 cn
662 4170 702 4227 lui
727 4171 886 4245 annoncait
911 4189 969 4246 que
992 4169 1141 4228 l'autorite
1163 4175 1194 4228 et
1210 4170 1239 4228 la
1257 4172 1338 4247 puis-

156 4291 243 4332 sauce
266 4274 303 4331 de
325 4273 466 4331 Vitellius
492 4291 524 4330 se
548 4272 738 4330 lortifiaient».
