2978 4800
1231 245 1290 304 111

198 435 301 492 9—14
335 434 362 497 οἱ.
394 429 458 514 περὶ
491 428 542 496 τὸν
572 437 719 496 Παυλῖνον
818 432 896 491 Cctsc
926 437 951 490 ct
984 432 1111 490 Paulino
1143 431 1335 490 abnuentibus

149 532 204 598 οὐκ
227 531 301 610 είων,
323 532 388 598 ἀλλ’
419 530 511 614 ᾤοντο
533 540 590 597 δεῖν
610 533 720 614 περνμί-
771 535 895 593 mititem
927 534 1029 592 itinera
1061 534 1183 610 sessani,
1209 534 1336 610 sarcinis

149 663 208 700 νενν
244 634 294 700 καὶ
330 630 369 718 μὴ
399 647 550 716 προπονεῖν
586 630 721 713 ἑαυτούς,
769 655 884 711 ararem
918 635 1022 695 osaea
1050 636 1135 707 hasti,
1163 655 1223 694 nan
1244 636 1335 694 omis·

148 736 220 820 μρδέ
254 732 344 809 εὐθὺς
373 739 403 801 ἐκ
425 738 543 820 πορείας
564 763 659 821 μοιχνμ
680 738 721 800 τί.
770 757 848 806 εανο,
870 757 926 813 quo
949 738 1050 796 rninus
1071 738 1218 814 mpeditus
1240 744 1265 796 ct
1287 733 1336 796 uia

149 850 266 904 θεσθαν
296 834 367 922 πρὸς
395 836 503 922 ἄνδρας
526 836 719 922 ὡπλισμένους
770 845 905 915 quattuor
932 840 1018 898 uritm
1034 859 1182 915 passuum
1199 858 1335 916 procres-

149 938 201 1005 καί
216 943 488 1024 παρατεταγμένους
503 943 575 1006 καθ’
591 937 719 1025 ἡσυχίαν,
770 961 822 1000 sus
853 948 904 1000 aut
936 942 1140 1018 incompositos
1162 944 1196 1001 in
1217 943 1335 1018 cumiret

149 1044 180 1106 ἐν
205 1037 266 1121 ὅσῳ
287 1039 384 1125 χρόνῳ
413 1045 547 1128 προίασιν
569 1039 652 1108 αὐτοὶ
674 1069 719 1107 το-
770 1051 822 1103 aut
842 1045 986 1121 dispersas
1007 1051 1033 1103 et
1054 1045 1162 1104 nattum
1184 1046 1335 1104 assuentes

150 1141 266 1227 σαύτην
288 1140 355 1209 ὁδὸν
370 1143 603 1227 ἀναμεμιγμένων
617 1142 719 1221 iaciu-
770 1148 974 1223 adcrederctur,
1008 1150 1070 1225 (cfr.
1104 1149 1135 1207 ΙΙ
1168 1151 1207 1207 41
1242 1149 1335 1207 miata

147 1248 220 1329 yiur
243 1243 292 1310 καὶ
314 1243 499 1311 ἀκολούθων.
769 1251 898 1309 uehicula
919 1257 945 1309 ct
966 1250 1049 1327 tinae)

198 1353 323 1409 14-18
351 1345 447 1432 Οίίσρς
469 1348 499 1414 δὲ
520 1347 583 1432 περὶ
605 1347 719 1415 τούτων
818 1353 949 1412 Titianus
974 1360 999 1412 ct
1021 1354 1173 1427 Proculus,
1196 1355 1248 1413 nbi
1269 1373 1334 1414 can-

149 1451 317 1534 είντιλογίας
339 1453 368 1514 ἐν
389 1463 449 1522 τοῖς
464 1463 634 1536 στρατηγοῖς
646 1445 719 1535 ἦλθε
770 1456 848 1514 siliis
876 1455 1060 1526 vincerentur,
1089 1457 1127 1515 ad
1147 1457 1196 1515 ius
1217 1457 1336 1532 imperti

148 1550 220 1632 παρ’
238 1551 371 1624 Ὄθωνος
394 1550 565 1625 ictusictus
583 1557 720 1636 καλουμέ-
773 1558 942 1616 transibant.
965 1558 1071 1616 Aderat
1092 1578 1162 1617 saue
1176 1559 1250 1617 ritus
1265 1577 1335 1635 equo

150 1683 211 1720 νων
239 1651 394 1737 Νομάδων
415 1652 575 1739 γράμματα
597 1659 721 1739 κομίζων
773 1659 906 1718 Numida
927 1679 993 1718 cum
1016 1662 1158 1720 atrocibus
1178 1663 1335 1734 mandatis,

151 1753 310 1822 κελεύοντα
343 1753 381 1840 μὴ
411 1759 502 1840 με’νεον
523 1758 592 1842 μηδὲ
615 1761 719 1843 διατρί-
771 1762 876 1840 quibus
904 1761 976 1821 Orno
998 1763 1138 1838 increpita
1163 1764 1270 1823 discum
1293 1784 1336 1823 sc-

154 1867 222 1944 βειν,
254 1858 318 1925 ἀλλ’
354 1857 432 1944 ἄγειν
464 1858 552 1933 εὐθὺς
582 1859 626 1925 ἐπὶ
651 1858 720 1934 τοὺς
769 1865 864 1941 μηίλία
884 1884 946 1924 rem
967 1865 1001 1923 in
1022 1865 1177 1925 discrimen
1198 1867 1278 1925 mitti
1291 1869 1336 1925 iu-

155 1963 313 2042 πολεμίονς.
771 1969 859 2038 habat,
892 1986 973 2042 aequ·
1001 1987 1084 2026 mara
1112 1974 1137 2026 et
1166 1969 1228 2044 spei
1249 1969 1334 2044 inpri-

772 2071 853 2128 tiens.

201 2170 323 2228 18-19
350 2164 467 2232 Ἐκεῖνον
488 2167 539 2248 μὲν
561 2160 610 2233 air
633 2165 720 2252 ίίραν-

150 2293 201 2339 τες
218 2264 351 2350 ἐχώρουν,

199 2373 323 2431 19--24
350 2367 366 2435 ὁ
389 2370 419 2436 δὲ
440 2374 569 2444 Κεκίνας
589 2370 719 2455 πυθόμε-
813 2378 842 2436 ΙΙ
865 2380 903 2436 41
929 2378 1038 2436 Eodem
1060 2378 1104 2436 aa
1126 2379 1164 2436 act
1185 2379 1336 2437 Caecinam

152 2497 201 2542 νος
222 2467 275 2553 τὴν
296 2472 399 2552 ἔφοδον
421 2471 519 2537 αὐτῶν
540 2471 719 2558 ἐθορυβήθη,
771 2480 968 2555 operimentis
997 2481 1142 2538 intentum
1165 2526 1170 2539 .
1195 2527 1201 2538 .
1227 2527 1245 2552 .‚
1269 2500 1335 2540 arm

151 2570 203 2637 καί.
236 2570 315 2638 κατὰ
349 2572 472 2658 σπουδὴν
505 2571 650 2640 ἀπολιπών
682 2570 721 2640 τοὶ
765 2582 937 2658 praenimius
954 2582 1142 2657 mutaratarcs
1166 2584 1262 2641 adessa
1285 2584 1335 2640 tra-

149 2676 222 2757 ἔργα
245 2672 294 2739 καὶ
316 2671 365 2740 τὸν
385 2674 517 2759 ποταμὸν
538 2671 603 2761 ἧκεν
625 2681 664 2751 είς
686 2674 719 2744 τὸ
771 2690 843 2742 stem
858 2685 1048 2743 nuntiauere.
1070 2730 1076 2742 .
1101 2729 1108 2741 .
1131 2685 1272 2743 Caecina.
1298 2732 1304 2744 .
1329 2732 1335 2744 .

151 2775 364 2866 accusasatum
400 2775 595 2862 Ὡπλισμίνων
617 2781 647 2847 δὲ
668 2779 720 2866 ἢδη
771 2793 895 2846 cuneatus
925 2787 959 2845 in
990 2792 1084 2845 castra
1117 2787 1217 2848 datum
1250 2787 1336 2846 iussn

149 2880 213 2944 τῶν
234 2880 357 2957 πολλῶν,
379 2879 428 2946 καλ
448 2878 483 2946 τὸ
506 2880 645 2967 σύνθημα
666 2912 720 2949 πα·
772 2890 857 2949 Fabii
884 2890 1010 2949 Valentis
1030 2909 1149 2966 uacuae
1170 2891 1289 2966 sianum
1311 2897 1336 2950 et

150 2978 406 3064 ροιλαμβανόντων
438 2984 520 3068 παρὰ
553 2988 605 3050 τοῦ
642 2983 721 3051 Oia·
771 2993 893 3051 mititem
917 2993 1066 3052 inarmis
1088 2993 1207 3053 inuenit.
1253 2995 1335 3052 Dum

150 3091 261 3160 λενπος,
292 3087 321 3148 ἐν
347 3083 407 3167 ὅσῳ
429 3085 480 3170 τὴν
505 3085 588 3166 τάξιν
610 3087 720 3174 διελάμ-
773 3095 894 3171 maianus
915 3096 948 3154 dc
969 3096 1069 3154 urdine
1098 3097 1228 3172 caminis
1250 3097 1335 3154 sati·

147 3212 223 3270 χανε
253 3183 291 3250 τὰ
320 3184 469 3270 τάγματα,
491 3186 557 3263 τοίνς
585 3189 721 3276 ἀρίστους
772 3203 872 3269 untur,
897 3197 1004 3274 equites
1019 3217 1186 3274 prorupere.

149 3289 216 3353 τῶν
240 3289 346 3354 ἱππίων
367 3292 597 3374 προεξέπεμψαν.

262 3536 373 3603 1-3.
430 3539 498 3605 His
526 3559 623 3624 quas
652 3541 698 3607 de
724 3542 879 3608 militum
900 3542 1032 3609 animis
1051 3542 1166 3609 refert
1186 3543 1335 3611 Tacitus

151 3655 246 3740 quia
282 3676 357 3722 non
395 3664 609 3744 repugnant
650 3665 686 3727 et
726 3662 764 3727 in
806 3662 973 3729 eiusdem
1010 3663 1122 3747 plane
1151 3664 1335 3729 sermonis

151 3778 333 3843 contextu
370 3777 716 3863 deprehenduntur,
754 3781 854 3848 illius
888 3783 1006 3849 verba
1033 3783 1256 3850 Plutarchus
1286 3784 1337 3849 vi-

152 3896 267 3963 detur
295 3897 513 3966 dilatavisse
530 3892 566 3985 ¹).

153 4064 333 4073 ——-—---.
341 4064 363 4070 .-

261 4166 284 4244 1)
308 4169 443 4228 Forsitan
467 4170 644 4229 Plutarchus
666 4173 754 4230 ctiam
778 4173 1031 4248 praetorianarum
1054 4173 1188 4230 ardorem
1204 4191 1337 4249 pugnam

151 4272 392 4346 deposcentium,
426 4273 462 4331 dc
491 4291 550 4349 (lua
580 4273 712 4350 loquitur
735 4272 767 4332 Ο.
792 4277 810 4334 9
835 4294 861 4333 v.
886 4277 903 4332 2
924 4293 997 4351 σου,
1019 4276 1050 4333 in
1072 4276 1169 4333 animo
1193 4276 1337 4334 habuerit.
