2978 4800
200 247 259 303 128

153 426 296 495 στεύσατε
332 426 482 506 πολλάκις,
515 426 559 493 ότι
592 426 717 511 δύναμαι
772 432 831 490 νιιιέ
846 433 926 508 λοραί
936 451 1008 508 pars
1022 433 1156 508 ι’ρνιονίαε
1171 440 1222 494 ost.
1254 435 1333 492 Proo-

152 527 271 596 κάλλιον
283 526 587 615 άποθα-νεῖνῆάρχειν.
608 528 718 614 Οόγάρ
771 534 892 609 cinno-m
922 534 1125 593 destinationis
1152 555 1235 594 τηοσε
1257 536 1333 594 doni·

153 630 221 714 ὁρῶ,
243 635 275 696 τί
292 634 459 715 τηλικοῦτον
482 630 633 715 Ῥωμαίοις
654 631 719 714 όιρε-
771 643 903 695 mentum
933 637 1036 714 hebete,
1069 638 1148 713 quod
1169 639 1203 696 do
1226 639 1334 696 αειιιλκι

152 740 201 806 λος
231 737 332 816 ἔσομαι
360 733 521 817 κρατησας,
548 733 643 819 ἡλίκον
665 737 720 801 ε’πι·
772 758 893 814 queror;
927 758 999 797 κοικ
1031 740 1168 799 inmisere
1202 741 1271 799 deos
1302 742 1335 799 νιλ

152 834 216 910 δούς
239 835 363 920 ἐμαυτόν
378 835 448 919 ὑπὲρ
463 835 574 921 εἰρήνης
589 836 638 903 καὶ.
653 835 718 922 όμο-
770 842 902 901 iioinines
934 843 997 900 eins
1030 849 1080 914 est,
1107 844 1162 919 qui
1183 845 1278 902 visere
1298 864 1334 902 ει-

151 943 231 1013 νοιάς
261 939 309 1004 κοιλ
342 943 395 1006 τοῦ
425 940 463 1023 μὴ
493 939 582 1006 πάλιν
611 939 719 1026 ἡμέραν
770 944 822 1003 lit'.

151 1040 288 1126 τοιαύτην
311 1045 414 1109 ἐπιδεῖν
435 1041 486 1127 τὴν
506 1042 690 1122 Ἰταλίαν·“).

255 1289 299 1354 V.
332 1289 429 1355 1-3
471 1309 545 1356 non
579 1310 713 1375 parum
740 1296 958 1357 consonant.
1015 1291 1151 1370 Ambo,
1182 1312 1267 1359 oum
1294 1294 1331 1360 de

151 1409 308 1475 mortuis
325 1409 490 1495 egissent
504 1402 541 1494 ἱ’),
557 1410 647 1476 novi
667 1410 799 1495 capitis
818 1410 923 1477 initio
939 1409 1125 1478 Othonem
1143 1414 1331 1498 opperien-

152 1533 222 1594 tem
245 1529 440 1607 inducunt‚
461 1530 649 1615 planeque
670 1529 801 1596 eadem
820 1536 907 1597 sunt
926 1527 1073 1625 πρῶτον
1095 1532 1167 1619 μὲν
1189 1524 1331 1627 ἀσαφὴς

150 1639 267 1737 λόγος,
298 1649 472 1734 primum
512 1649 635 1728 ίακια;
674 1647 748 1716 ἐπεὶ
784 1647 821 1717 δὲ
849 1647 909 1716 καλ
939 1702 946 1715 .
978 1702 985 1714 .
1017 1702 1024 1715 .
1055 1673 1152 1734 τινες
1182 1641 1278 1746 ἡκον
1301 1655 1329 1718 εκ

151 1764 217 1860 τῆς
250 1760 370 1863 μάχης
403 1760 701 1857 ἀπαγγέλλοντες,
738 1769 825 1835 dein
853 1769 1013 1856 μνοίκρλ
1036 1768 1224 1855 ομνοολίο
1255 1823 1262 1836 .
1291 1822 1327 1836 ..

149 1968 354 1976 m

254 2103 276 2175 ¹)
300 2105 358 2164 Cn.
383 2105 464 2163 Suet.
490 2103 523 2163 Ο.
551 2107 588 2164 10
613 2105 674 2163 Ηοο
689 2106 751 2163 niso
761 2106 956 2180 proclamasse
970 2125 1036 2164 ιιινιι
1051 2106 1145 2165 oiebai
1160 2107 1328 2183 (Suetonius

151 2206 244 2283 pater)
267 2226 328 2265 non
350 2207 480 2282 oniplios
501 2227 530 2265 so
553 2208 586 2264 in
604 2208 768 2282 potentum
793 2208 860 2266 totis
882 2214 996 2284 λοκιριιε
1011 2208 1217 2268 benemeritos
1233 2210 1329 2269 coition-

151 2316 264 2382 tnrum3
288 2311 342 2366 cfr.
366 2309 421 2366 Dio
446 2309 543 2366 LXIV
568 2312 605 2368 13
630 2304 736 2392 ,ἀρκεῖ
752 2306 792 2371 τά
815 2305 961 2392 γεγονότα,
983 2307 1073 2391 ἀρκεῖ.
1108 2313 1200 2374 Μισῶ
1216 2307 1331 2390 πόλεμον

150 2406 295 2491 ἐμφύλιον,
317 2404 372 2473 κάν
395 2411 509 2488 κρατῶ·
537 2412 612 2491 φιλοῖ
634 2407 753 2481 πάντας
772 2407 937 2491 Ῥωμαίους,
960 2406 1015 2474 κᾶν
1037 2406 1075 2493 μὴ
1094 2407 1267 2496 όμολογῶσί
1282 2439 1331 2494 μοι.

149 2507 276 2576 Νικάτω
313 2509 487 2588 Οὐϊτέλλιος,
520 2508 578 2574 inei.
611 2513 698 2575 τοῦτο
721 2522 781 2582 τοῖς
803 2521 884 2584 θεοῖς
905 2512 992 2587 ἔδοξε·
1016 2512 1222 2587 σωζίσθωσαν
1244 2511 1292 2578 καὶ
1311 2513 1333 2576 oi

150 2615 256 2677 ἐκείνου
272 2613 458 2696 στρατιῶται,
474 2611 532 2676 ἐπεὶ
546 2615 626 2678 τρεῖτ’
644 2611 705 2692 ε’μολ
721 2621 804 2678 δοκεῖ.
839 2611 923 2679 Πολύ
938 2610 995 2696 γάρ
1009 2640 1065 2678 που
1081 2612 1131 2678 καλ
1146 2626 1280 2697 κρείττω
1290 2612 1332 2679 καλ

150 2708 325 2796 δικαιότερόν
347 2716 422 2778 ἐστιν
445 2715 495 2778 ἕνα
517 2711 587 2794 ὑπὲρ
602 2711 722 2779 πάντων
737 2711 754 2797 ἢ
767 2713 891 2787 πολλοὺς
905 2712 975 2799 όπόρ
991 2712 1053 2787 ἑνός
1068 2712 1249 2784 ἀπολέσθαι.
1277 2715 1334 2784 Καὶ

149 2814 205 2900 γάρ
239 2814 294 2899 ε’γώ
324 2814 454 2888 Μούκιος
485 2814 533 2881 καὶ
565 2819 669 2889 Δέκιος
691 2817 740 2882 καὶ
762 2816 905 2900 Κούρτιος
927 2815 976 2882 καὶ
995 2813 1145 2901 Ῥόγοολος
1165 2822 1282 2899 μᾶλλον
1302 2815 1335 2884 ιλιι

150 2921 262 3001 ἑλοίμην
283 2915 300 3000 ἢ
323 2915 441 3002 Μάριος
463 2917 512 2982 καὶ
533 2921 644 2991 Κίννας
662 2917 712 2983 καλ
727 2915 858 2994 Σύλλας,
878 2917 921 2983 ἵνα
938 2913 976 3001 μὴ
989 2915 1038 2984 καλ
1051 2915 1121 2990 τοὺς
1135 2916 1247 2993 ἄλλους
1261 2920 1335 2996 εἴπω,

149 3022 293 3103 γενέσθαι.
333 3019 412 3103 Μήτ’
436 3013 486 3086 οὖν
508 3017 659 3106 βιάσησθί
679 3049 714 3101 με
738 3023 788 3086 ἕνα
810 3018 921 3086 τούτων
939 3014 979 3085 ιόν
1000 3023 1075 3102 μισῶ
1096 3023 1248 3104 γενέσθαι,
1270 3020 1336 3106 μήτε

150 3120 318 3205 φθονήσητί
337 3151 385 3204 μοι
407 3124 457 3187 ἕνα
480 3125 594 3188 ἐκείνων
617 3117 657 3187 τόν
679 3125 785 3189 ε’παινῶ
807 3120 1010 3208 μιμήσασθαί
1035 3123 1101 3188 a’tt'
1124 3120 1208 3204 ὑμεῖς
1230 3125 1282 3206 μὲν
1295 3125 1336 3191 ε’πλ

149 3219 202 3287 τόν
224 3222 420 3306 κεκρατηκότα
456 3223 538 3289 ἄπιτε
569 3224 625 3290 καλ
645 3227 750 3291 ἐκεῖνον
771 3224 957 3306 θεραπεύετε,
979 3224 1033 3308 ε’γιό
1056 3229 1082 3289 δ’
1103 3223 1195 3298 αότός
1218 3225 1337 3309 ἐμαυτόν

150 3322 346 3407 ἐλευθερώσω,
370 3323 448 3398 ὅπως
470 3327 518 3392 καλ
540 3329 582 3407 τῷ
608 3329 679 3411 ’ἔργῳ
703 3325 831 3400 ἅπαντες
853 3326 1005 3411 ἄνθρωποι
1025 3324 1165 3409 μάθωσιν
1190 3327 1236 3394 ότι
1249 3331 1338 3395 τοιού-

149 3453 199 3492 τον
223 3424 429 3510 αὐτοκράτορα
452 3428 564 3493 εἵλεσθε
587 3427 666 3503 ὅστις
689 3429 740 3514 οόχ
763 3427 841 3512 ύμάς
863 3427 932 3515 ύπὲρ
948 3431 1052 3494 ἑαυτοῦ
1067 3429 1132 3494 ἀλλ’
1147 3427 1255 3498 ἑαυτόν
1269 3429 1337 3517 ὑπὲρ

149 3526 229 3611 ύμῶν
252 3531 380 3596 δίόωκελι.
418 3534 501 3592 Idem
525 3553 549 3591 o.
575 3538 627 3593 14:
654 3531 727 3616 ,ε’γοό
750 3533 801 3615 μὲν
817 3531 869 3597 oin
884 3533 960 3597 ἔστιν
974 3530 1053 3604 ὅπως
1065 3535 1168 3615 χείρων
1183 3536 1238 3599 τοῦ
1253 3560 1338 3616 στρο-

149 3628 252 3697 τιότοο
270 3629 373 3698 τούτου
389 3630 551 3716 γενήσομαι,
568 3632 600 3698 ὃν
616 3633 703 3699 αὐτοὶ
720 3632 863 3718 ἑοράκατε
878 3633 956 3708 ὅπως
970 3632 1073 3700 ἑαυτόν
1087 3629 1135 3698 διά
1147 3637 1238 3702 τοῦτο
1253 3635 1339 3719 μόνον

151 3733 325 3816 α’πίσιμαξεν,
357 3733 401 3799 ότι
429 3730 478 3817 τὴν
500 3728 590 3818 ἧτταν
612 3739 653 3818 τῴ
677 3739 782 3802 ἑαυτοῦ
806 3733 1002 3820 αὐτοκράτορι
1023 3735 1156 3821 ἤγγειλεν·
1181 3736 1249 3804 ἀλλ’
1275 3737 1340 3804 oino-

150 3833 289 3918 λοοθησω
311 3834 431 3910 πάντως
454 3837 545 3918 αύτῷ,
568 3838 612 3904 ἵνα
636 3839 723 3922 μηδὲν
745 3840 785 3903 ἔτι
807 3842 937 3903 τοιοῦτον
958 3836 1030 3920 μήτε
1052 3837 1103 3903 ito
1117 3837 1193 3923 μήτε
1210 3839 1341 3908 ἀκούσω.

147 3935 242 4020 Ὑμεῖς
275 3941 313 4014 δι’,
342 3938 418 4023 είπερ
441 3938 532 4012 όντως
554 3944 664 4023 φιλεῖτε(
682 3968 727 4024 με,
751 3938 865 4006 ἐάσατέ
883 3968 918 4021 με
942 3940 1100 4007 ἀποθανεῖν
1123 3939 1163 4013 τός
1185 3941 1342 4028 βούλομαι,

150 4038 199 4104 καὶΙ
221 4038 259 4124 μή
282 4069 317 4124 με
341 4045 424 4124 ζῆσαι
454 4040 564 4108 ἄκοντα
597 4041 793 4126 άναγκάσρτε,
818 4039 894 4108 άλλά
914 4040 988 4127 πρός
1009 4070 1040 4108 τε
1062 4041 1113 4108 τόν
1135 4045 1343 4131 κεκρατηκότα

150 4138 234 4207 άπιτε
256 4141 304 4208 καὶ
328 4146 433 4208 ἐκεῖνον
456 4143 655 4211 emansisse&

251 4264 273 4335 λλ
297 4265 328 4322 Ρ.
353 4265 386 4324 Ο.
411 4269 458 4339 14,
482 4265 513 4324 Τ.
538 4267 564 4324 ΙΙ
589 4269 629 4325 45
653 4273 728 4327 extr.
