2978 4800
150 455 206 511 ρον
237 419 292 509 γὰρ
324 420 476 508 ἡγεμονίας
506 425 601 506 σχῆμα
622 446 722 505 προσε-

150 531 273 612 δέχοντο
297 522 414 602 πάντες,
430 521 644 604 ἐξαπατώμενοι
660 547 724 588 σον·

150 627 238 714 ἡθως
269 623 326 694 ὑπὸ
355 628 415 690 των
448 627 476 690 ἐν
509 625 583 711 ἀρχῇ
612 628 722 710 λεγομέ-

151 761 222 798 νων.
261 727 323 796 'Eur
352 728 382 794 δὲ
404 729 516 812 μᾶλλον
537 726 651 811 ἠνίασεν
674 725 723 793 αὖ·

149 829 221 908 τοὺς
255 829 323 916 ανὴρ
356 826 499 902 ὑπατικὸς
531 827 580 893 καὶ
607 831 723 913 Νέρωνι

151 934 257 1009 πιστὸς
285 933 447 999 ἀποθανεῖν
475 934 648 1008 κελευσθείς,
667 939 724 995 Πε-

154 1034 275 1123 τρώνιος
306 1030 522 1118 Τουρπιλιανός.
566 1032 719 1114 Μάκρωνα
772 1039 842 1114 (cfr.
864 1039 880 1097 Ι
906 1040 943 1111 7.)

152 1138 212 1225 γὰρ
234 1140 265 1204 ἐν
278 1135 375 1221 Λιβύη
392 1135 440 1200 διὰ
457 1137 656 1220 Τρεβωνιανοῦ
671 1133 719 1199 καὶ

156 1236 304 1323 Φοντήϊον
336 1241 366 1302 ἐν
394 1241 543 1323 Γερμανίᾳ
570 1232 617 1302 διὰ
644 1233 720 1302 Oili-

151 1349 254 1414 λεντος
286 1339 397 1405 οἱνελών
428 1336 578 1424 πρόφασιν
599 1340 671 1421 εἶχεν
693 1341 722 1403 ἓν
768 1418 770 1421 ι

152 1440 254 1514 ὅπλοις
276 1439 325 1506 καὶ
349 1442 554 1524 στρατοπέδοις
569 1437 656 1513 ὄντας
671 1466 722 1523 φο·
742 1483 744 1490 ι

150 1547 289 1629 βρθῆναι.
325 1539 533 1624 Τουρπιλιανὸν
548 1544 587 1617 dr',
602 1544 722 1625 γέροντα

150 1641 259 1729 γυμνὸν
290 1643 339 1711 καὶ
373 1641 508 1722 ἄνοπλον,
531 1641 616 1727 λόχον
638 1670 723 1726 μετα·

151 1753 255 1832 λαβεῖν
287 1746 365 1813 οὐδὲν
398 1745 528 1822 ἕκωλνεν,
555 1733 584 1811 εἴ
610 1773 654 1818 τις
685 1743 719 1829 ἢν

153 1848 358 1931 ἐπαγγέλλεται
367 1845 540 1932 μετριότητα
554 1860 614 1921 τοῖς
628 1845 718 1933 γραμ-

153 1975 245 2030 μασιν
254 1952 325 2036 ἔργῳ
335 1948 472 2034 φυλάξειν
482 1951 588 2034 ἔμελλε.
613 1954 717 2016 Ταῦτα

150 2049 206 2134 μὲν
232 2043 283 2118 οὖν
307 2049 447 2126 τοιαύτας
472 2054 527 2136 ἔχει
553 2054 716 2136 με’μψειςῑ).

256 2307 362 2375 Haec
403 2327 449 2374 ex
484 2309 668 2375 communi
702 2309 805 2377 fonte
834 2329 1029 2377 emanasse
1057 2308 1335 2376 concedendum

151 2431 247 2513 puto
292 2427 537 2495 Mommsenio
578 2448 614 2514 p.
658 2429 732 2496 312
777 2437 889 2515 atque
925 2429 1066 2496 Fabiae
1106 2449 1142 2515 p.
1186 2429 1236 2496 94
1279 2449 1334 2514 sq.

158 2545 287 2633 Neque
327 2535 444 2614 enim'
467 2549 578 2615 modo
620 2550 657 2615 in
699 2568 743 2616 eo
785 2550 1022 2615 consentiunt
1047 2549 1271 2615 Plutarchus
1299 2555 1335 2614 et

156 2666 316 2747 Tacitus,
338 2668 439 2753 quod
470 2667 627 2736 Galbam
655 2668 845 2736 inauditos
869 2668 1139 2735 condemnasse
1159 2675 1334 2754 arguunt,

152 2806 284 2856 verum
324 2788 436 2855 etiam
469 2781 565 2886 ἀνὴρ
593 2781 787 2874 ιἰπαιικὸς,
819 2791 961 2884 Νέρωνι
990 2779 1119 2872 πιστός
1146 2791 1182 2853 et
1209 2807 1337 2854 consu-

150 2908 264 2987 laria,
295 2908 371 2974 duc
397 2909 560 2976 Neronis
588 2909 635 2977 de
662 2909 840 2976 Petronio
868 2908 1086 2994 Turpiliano
1114 2907 1236 2993 posita
1265 2906 1336 2973 sibi

150 3028 397 3113 respondent.
440 3028 597 3095 Fabitur
623 3030 739 3116 igitur
767 3029 896 3116 Groag
914 3049 950 3115 p,
977 3029 1054 3096 739
1074 3029 1159 3094 adn.
1184 3028 1214 3105 1,
1235 3026 1336 3111 quod

153 3145 312 3213 Fabiam
333 3166 559 3234 oppugnans
578 3149 677 3215 hanc
695 3150 957 3236 cognationem
979 3148 1107 3216 tollere
1126 3153 1281 3214 conatur
1295 3138 1334 3231 2).

158 3264 209 3331 Et
235 3267 411 3351 quoniam
440 3267 548 3353 plura
577 3269 623 3334 de
643 3268 782 3335 eisdem
804 3268 1027 3335 Plutarchus
1047 3266 1203 3352 praebet
1222 3286 1335 3352 quam

258 3536 284 3612 ¹)
307 3535 366 3595 cn.
390 3535 472 3597 Suet.
497 3536 531 3597 (t.
558 3540 596 3596 14
645 3537 792 3606 Quosdam
820 3537 912 3595 claros
938 3555 972 3595 εω
997 3541 1116 3611 utroque
1138 3533 1338 3593 ordinaturos

151 3638 319 3714 suspicione
341 3639 468 3697 minimo
489 3640 639 3698 inauditos
660 3639 866 3697 condemnauit.
980 3636 984 3644 '

259 3757 283 3833 2)
307 3758 389 3816 Idem
412 3761 442 3817 in
465 3778 499 3819 eo
519 3761 674 3819 dissentire
690 3759 842 3818 contendit
858 3759 1027 3834 scriptores,
1043 3757 1122 3834 quod
1135 3756 1256 3815 Tacitus
1269 3755 1337 3814 Cin-

151 3860 280 3936 gonium
302 3869 332 3919 et
354 3861 560 3938 Turpilianum
577 3881 635 3920 nou
653 3863 828 3920 innocentes
845 3862 932 3920 iaciat
947 3859 1145 3919 condemnari.
1180 3858 1238 3917 Sed
1254 3859 1337 3916 falso.

152 3961 279 4020 Tacitus
309 3965 390 4022 enim
426 3966 514 4023 verbo
546 3971 694 4040 tanlquam
730 3982 790 4022 rem
825 3965 854 4022 in
879 3964 974 4022 medio
997 3962 1153 4038 relinquit3
1188 3963 1225 4020 cf.
1249 3978 1336 4036 quem

152 4063 286 4123 Orelliue
319 4071 387 4142 apte
415 4067 554 4142 ascripsit
587 4067 685 4125 locum
713 4066 788 4124 Plin.
811 4066 885 4142 Fpp.
908 4069 937 4139 4,
962 4067 1009 4134 11,
1033 4067 1051 4124 8
1074 4065 1229 4123 nesciocui
1253 4062 1337 4119 inno-

151 4186 231 4239 οενω,
265 4173 334 4226 certe
365 4173 514 4244 tamquam
547 4169 693 4226 immoene.
717 4201 758 4210 —-
780 4167 885 4244 Neque
918 4169 948 4225 in
981 4175 1075 4225 morte
1098 4165 1250 4242 Capitonis
1273 4181 1337 4222 eam

154 4269 244 4328 video
267 4271 493 4347 repugnantiam
517 4289 605 4347 quam
630 4269 728 4345 Groag
750 4289 778 4346 p.
804 4270 873 4330 747.
