2978 4800
202 247 243 309 30

160 460 335 508 manasse
367 444 590 527 argumento
618 449 675 506 θεῖ
702 459 784 506 cum
811 458 957 506 summa
983 441 1190 510 verborum
1217 441 1323 509 simili-
1381 446 1383 518 j

159 560 260 639 tude,
294 579 393 645 quae
421 560 522 644 apud
553 560 774 627 Suetonium
800 577 876 626 non
903 561 1102 645 reperitur,
1132 566 1212 629 tum
1239 562 1326 648 quod

159 681 230 747 hoc
269 680 350 746 loco
391 679 593 764 utrobique
630 680 848 746 coniunctae
887 683 976 746 sunt
1014 699 1076 747 res
1117 681 1228 761 duae,
1267 681 1330 748 hel·

158 800 275 867 luatio
304 803 340 866 et
367 795 640 886 cognomina¹).
688 799 738 866 Et
753 799 917 883 priorem
936 799 1087 885 quidem
1109 801 1246 868 harum
1265 820 1332 868 non

159 925 258 988 recte
299 940 321 987 a
361 919 563 985 Plutarcho
604 919 676 985 huc
715 919 894 985 insertam
934 937 1016 986 θεεθ
1056 921 1284 1006 perspicitur
1316 941 1334 988 θ

161 1041 353 1120 Suetoni0,
390 1041 454 1126 qui
492 1040 563 1106 Vit.
597 1059 626 1105 θ.
661 1039 684 1105 8
713 1038 862 1124 vesperi
893 1039 1231 1107 consalutationem
1268 1040 1337 1108 fac

159 1166 234 1228 tam
275 1165 414 1239 narrat
450 1179 525 1226 non
553 1159 676 1225 medio
703 1157 793 1238 diei3
832 1158 959 1243 itaque
986 1158 1088 1225 haud
1115 1159 1199 1226 sine
1227 1178 1337 1227 causa

159 1279 381 1346 Plutarchus
401 1279 677 1345 consideratum
700 1276 792 1342 illud
813 1276 928 1370 φασίν
948 1276 1092 1344 adiecit.
1135 1278 1232 1345 Tum
1253 1278 1337 1347 Ger·

159 1400 293 1467 manici
321 1418 456 1465 nomen
487 1396 687 1464 Suetonius
715 1401 845 1462 auctor
872 1402 928 1463 est
945 1401 1146 1483 postquam
1166 1401 1338 1484 superior

159 1519 343 1586 exercitus
378 1519 410 1584 ei
449 1517 664 1583 accessisset
692 1535 712 1582 a
741 1516 887 1583 Vitellio
912 1521 1102 1603 receptum
1129 1536 1226 1598 esse,
1254 1538 1338 1599 non,

159 1640 253 1705 sicut
281 1637 408 1704 scribit
435 1637 669 1714 Plutarchus
697 1629 832 1720 ante2).

262 1758 426 1823 42—45.
483 1760 539 1822 An
564 1756 785 1822 Plutarchus
806 1756 971 1822 Tacitum
990 1757 1215 1842 inspexerit,
1247 1778 1341 1827 acer·

159 1878 260 1943 rimis
302 1896 454 1963 quoque
494 1876 698 1943 communis
740 1875 853 1941 fontis
894 1876 1247 1963 propugnatoribus
1287 1880 1343 1946 hic

159 1999 261 2063 locus
290 1996 561 2064 dubitationem
591 1995 737 2062 adferat
764 2014 916 2061 necesse
944 2001 1001 2062 est
1028 1994 1054 2088 ).

261 2152 301 2216 Ρ.
337 2150 379 2218 G.
410 2170 439 2216 c.
470 2151 533 2216 23.

203 2370 282 2426 1--3
331 2361 417 2429 Οὕτω
453 2362 504 2443 μὲν
541 2359 723 2446 ἀνηγορεύθη
818 2366 896 2424 Ῑ14
936 2366 993 2425 Sed
1018 2366 1108 2426 Galba
1124 2376 1198 2445 posi
1220 2375 1344 2434 nuntias

151 2465 315 2539 Οὐϊτέλλιος
342 2461 536 2548 αὐτοκράτωρ
559 2467 588 2528 ἕο
610 2472 641 2529 Γ
638 2491 722 2546 eppa·
780 2468 966 2527 Germanicae
979 2470 1138 2543 seditiones,
1158 2491 1343 2552 quamquam

155 2572 211 2654 οίᾳ.
255 2567 433 2650 Πυθόμενος
455 2566 484 2633 δὲ
506 2565 557 2634 τὸν
579 2569 640 2633 ἐκεῖ
658 2594 723 2631 vem-
774 2571 850 2629 ntia
881 2571 974 2630 adhuc
1005 2573 1039 2631 dc
1077 2573 1190 2634 Vitellio
1224 2585 1343 2654 certam,

155 2666 320 2755 τεριομόνὸ
343 2672 468 2757 Γάλβας
490 2668 584 2735 οὐκέτι
602 2666 654 2752 τὴν
668 2671 722 2734 εἰσ·
773 2674 881 2731 anciila
918 2694 1046 2750 qaenam
1081 2679 1262 2738 exercituum
1300 2683 1344 2740 cia

154 2776 265 2856 ποίησιν
287 2773 471 2858 diracitano.
771 2783 938 2852 canapeia,
960 2797 996 2836 ac
1016 2779 1128 2838 arbane
1147 2780 1269 2856 quidem
1287 2785 1343 2843 mi·

770 2878 817 2936 aa·
832 2878 969 2954 confisae,
993 2881 1069 2956 qaod
1086 2882 1249 2943 remedium
1273 2888 1343 2946 ani-

769 2981 968 3053 enarrabatur,
981 2982 1098 3040 comitia
1108 2983 1234 3059 imperii
1243 2991 1341 3046 trans·

769 3083 839 3157 cpit,-
872 3085 924 3143 cir.
949 3084 961 3141 l
986 3086 1025 3143 12
1054 3086 1217 3144 matarccit
1238 3107 1274 3148 ea
1296 3109 1342 3149 rea

770 3186 925 3244 masiliam
952 3187 1064 3246 Galbae.

197 3288 280 3346 3—4
311 3290 343 3348 Γ
340 3282 468 3348 lamanai
494 3283 524 3350 δὲ
546 3285 719 3368 τῶνφίλων

152 3386 242 3457 ἐνίους
264 3383 315 3467 μὲν
336 3381 406 3471 ὑπὲρ
429 3390 605 3471 Δολοβέλλα,

254 3716 277 3791 ¹)
301 3715 414 3788 Quibus
437 3717 474 3776 de
497 3717 597 3775 causis
619 3716 693 3774 haec
712 3716 782 3774 mihi
798 3717 967 3776 coniectura
985 3719 1093 3778 certior
1107 3719 1195 3778 etiam
1213 3722 1338 3784 videtur

151 3836 240 3895 quam
264 3818 352 3877 Lezio
375 3837 404 3894 p.
429 3821 468 3878 36
490 3820 557 3876 adn.
582 3820 609 3876 2.
654 3817 713 3877 afr.
735 3818 823 3877 Fabia
845 3837 874 3894 p.
898 3820 946 3892 19,
969 3819 1067 3895 Groag
1089 3839 1118 3897 p.
1141 3823 1201 3882 746
1217 3825 1290 3885 adn.
1307 3831 1336 3887 5.

253 3936 275 4013 2)
301 3937 406 3995 Statim
440 3936 532 3996 Taciti
554 3937 568 3995 I
592 3938 640 4010 62,
664 3938 744 4012 quod
767 3938 918 4012 praeteriit
952 3939 1069 3998 Fabiam
1092 3958 1121 4016 p.
1147 3942 1185 4001 19
1208 3944 1281 4006 adn.
1308 3949 1337 4021 1,

149 4057 207 4098 nec
228 4058 296 4098 cum
319 4039 478 4097 Plutarcho
502 4056 557 4097 nec
579 4057 648 4097 oum
671 4038 813 4098 Suetonio
835 4046 959 4115 pugnat.

253 4157 276 4235 ³)
305 4157 403 4217 Etiam
436 4159 492 4217 hoc
525 4158 590 4217 loco
622 4158 796 4217 Suetonium
827 4159 866 4218 de
893 4161 1050 4220 recedam
1072 4155 1139 4222 aliis
1163 4166 1264 4226 verbis
1290 4170 1333 4228 uti

149 4261 312 4350 notandum
334 4269 389 4319 est.
