2978 4800
200 236 260 292 114

157 427 277 512 potuit
314 444 395 491 esse
431 424 515 490 tons
544 424 732 490 Plutarchi
750 419 782 507 ¹).
836 424 921 508 Ipse
959 423 1187 491 Plutarchus
1219 424 1340 510 spatia

65 522 68 528 ¹
140 549 222 629 ,vix
250 552 306 612 est
332 543 564 610 recordatus.

264 664 426 731 18--19.
483 663 586 729 Haec
614 670 700 729 sunt
729 663 980 730 traducendae
1008 665 1211 731 orationis.

263 785 424 851 19-24.
484 783 585 848 Haec
624 802 775 867 quoque
816 783 1018 866 persimilia
1056 789 1156 863 sunt,
1199 804 1340 870 neque.

157 908 247 992 quin
287 904 452 970 'l'acitum
493 902 715 967 Plutarchus
757 903 987 987 expressisse
1028 903 1218 982 videatur,
1247 907 1342 990 quic-

157 1046 269 1112 quam
297 1022 453 1108 impedit
467 1014 506 1108 2²).

261 1161 516 1229 Reum

202 1368 304 1424 1-10
341 1361 485 1442 Ἐμιτιτττει
517 1361 546 1426 δὲ
574 1368 634 1429 τοῖ,Ι
655 1383 722 1442 apo·
818 1359 847 1417 ΙΙ
870 1361 910 1418 42
944 1360 1088 1417 Attonitas
1118 1362 1220 1420 sabao
1245 1369 1341 1421 terrore

156 1465 337 1547 raraypa'raa·
373 1463 432 1524 τῶν
459 1457 591 1533 Ὄθωνος
622 1462 652 1524 ἐκ
686 1455 719 1542 δή
775 1466 882 1519 mentes
913 1461 1025 1536 falsatae
1054 1463 1205 1536 puerilium
1229 1464 1264 1522 ιἰι
1286 1465 1341 1522 lcu-

156 1593 232 1638 τινος
266 1566 361 1636 αἰτίας
395 1560 464 1641 δόξα
495 1562 543 1628 καὶ
566 1562 658 1647 λόγος,
683 1559 722 1635 ὡς
772 1581 891 1638 puorem
923 1564 1010 1632 vertit,
1037 1566 1161 1640 repertis
1184 1567 1240 1642 qui
1262 1567 1341 1626 desei·

157 1667 414 1751 μεταβαλοιμένων
453 1669 513 1730 τῶν
555 1663 722 1732 Οὐϊτελλίου
774 1666 886 1724 aa'saea
915 1666 1024 1725 Vitellio
1046 1667 1210 1726 exercitum
1229 1671 1339 1728 eruenti-

158 1771 327 1851 στριιτιμὼν
347 1766 420 1849 πρὸς
443 1765 557 1839 αὐτούς.
599 1763 651 1840 Ὡς
673 1759 723 1832 οὖν
774 1774 880 1827 rentur.
918 1768 948 1826 Is
970 1787 1073 1826 ιιιιιιοι·
1093 1769 1132 1826 ab
1157 1771 1340 1846 αομίονοιοιί-

157 1868 237 1954 ἐγγὺς
281 1863 364 1952 ἦσαν,
406 1867 579 1952 ἠσπάσαντο
623 1873 723 1950 φιλίαν,Ι
776 1871 828 1928 bas
856 1871 962 1929 Vitellii
982 1871 1145 1946 dispersus,
1170 1892 1216 1931 σιτ
1240 1875 1274 1932 a'n
1287 1875 1339 1950 ι’μσο

158 1968 376 2053 σιστρατιώτας
428 1969 722 2054 προσαγορεύσαντες.
781 1973 902 2032 Othonis
928 1979 1010 2048 parte
1032 1993 1084 2031 seu
1106 1974 1177 2033 dolo
1203 1996 1258 2035 seu
1279 1978 1337 2051 forte

160 2073 288 2138 Ἐκείνων
310 2074 339 2138 δὲ
361 2069 410 2156 τὴν
427 2071 654 2158 προσαγόρευσιν
671 2070 723 2138 οὐκ
774 2076 937 2148 sarrexerit,
986 2094 1095 2150 purum
1154 2085 1333 2155 οοιιιμσιιιιιιι.

158 2173 290 2256 εὐμενῶς,
325 2174 401 2240 ἀλλὰ
435 2173 509 2257 μετὰ
543 2177 640 2256 θυμοῦ
674 2173 723 2239 καὶ
781 2177 896 2236 Οιιιισεο
913 2197 1030 2254 papnue
1051 2179 1158 2237 ardere
1191 2180 1331 2240 Othoniani

158 2278 256 2359 φωνῆς
266 2280 418 2359 πολεμικῆς
434 2276 650 2359 ἀμειψαμένων,
664 2287 724 2347 τοῖς
775 2281 850 2338 ultre
882 2281 1054 2352 salulutare,-
1088 2287 1115 2338 et
1140 2283 1252 2343 hostili
1273 2302 1333 2342 ιιιιιι-

158 2508 236 2566 ricit.
258 2543 284 2550 —
303 2509 400 2585 Groag
422 2529 450 2586 p.
477 2513 535 2570 75?
553 2531 596 2586 sq.
613 2529 727 2569 errasse
750 2510 884 2569 Tacitum
902 2516 931 2569 et
947 2508 1133 2580 Othonianos
1153 2513 1337 2572 Cremonam.

156 2629 214 2668 acu
238 2613 433 2685 confluentes²
450 2614 561 2688 petisse
575 2613 711 2671 assumit.
753 2611 807 2685 Qui
831 2613 910 2688 quod
934 2611 1026 2670 1140
1050 2611 1114 2670 init.
1139 2613 1190 2672 sic
1215 2621 1338 2674 enarrat:

155 2733 264 2788 »gagen
292 2716 349 2773 den
373 2716 465 2774 Feind
491 2734 551 2775 vor.
574 2716 627 2774 der
648 2717 701 2773 das
724 2714 829 2774 Gebiet
852 2715 896 2773 bis
920 2733 973 2772 zur
995 2714 1154 2790 Mimdung
1181 2718 1243 2777 der
1264 2717 1341 2777 Adde

157 2817 267 2874 besetzt
291 2818 384 2893 malt»,
407 2818 484 2876 lianc
505 2818 776 2894 interpretationem
801 2818 852 2876 vix
876 2817 1031 2893 patiantur
1053 2818 1143 2876 verba
1169 2819 1280 2880 Taciti.

258 2934 280 3006 ¹)
317 2937 358 2995 lle
390 2937 424 3015 τῇ
447 2932 586 3019 ὑστεραίᾳ
606 2957 632 2994 r.
656 2940 674 2996 8
698 2939 749 2996 clr.
774 2937 859 2995 Fabia
882 2955 909 3012 p.
934 2940 989 2996 67:
1013 2936 1130 2996 »Tacite
1156 2957 1200 2999 ne
1225 2941 1270 2999 dit
1293 2957 1341 3017 pas

154 3057 212 3114 que
244 3057 277 3096 ce
311 3041 357 3097 fut
379 3040 407 3097 le
430 3040 605 3112 landenam,
639 3041 712 3098 mais
735 3040 752 3097 il
778 3040 873 3098 vade
896 3040 940 3098 soi
964 3057 1078 3116 quece
1103 3040 1218 3102 n'etait
1243 3062 1299 3120 pas
1320 3043 1344 3101 le

153 3142 221 3214 jam·
242 3145 347 3211 mame,
369 3143 498 3218 pirisque
521 3143 548 3200 le
570 3161 655 3218 camp
678 3143 725 3200 fut
747 3142 834 3201 etabli
857 3148 887 3200 et
909 3139 1000 3218 qu’on
1023 3149 1074 3200 eut
1097 3142 1125 3202 le
1149 3149 1257 3223 temps
1273 3147 1339 3206 d’en

153 3244 305 3317 apprecier
322 3244 365 3302 les
390 3245 637 3303 inconvdnients».
661 3244 886 3303 -Proculum
909 3251 943 3303 ut
966 3263 992 3302 v.
1016 3247 1034 3304 3
1059 3245 1243 3321 nominaret,
1278 3249 1345 3308 Plu·

153 3347 272 3403 tarchus
295 3347 340 3419 iis,
364 3366 439 3423 quae
463 3347 581 3406 Tacitus
604 3348 640 3406 de
664 3349 713 3406 illo
736 3349 852 3407 dixerat
875 3347 903 3406 ΙΙ
926 3349 975 3420 39,
998 3347 1150 3408 adductus
1177 3359 1237 3411 est.

255 3449 277 3515 ²)
295 3443 386 3512 Karai
408 3444 542 3530 auaritia,
565 3458 597 3508 ut
619 3451 716 3523 magis
739 3451 840 3508 obrias
864 3450 1076 3509 similitudines
1099 3452 1259 3528 emittam,
1279 3475 1345 3515 cum

149 3552 317 3626 praecipitas·
338 3553 483 3624 cohaeret,
505 3546 543 3613 ad
565 3551 633 3632 ἔργα
656 3547 705 3614 καὶ
726 3547 776 3614 τὸν
797 3545 932 3630 ποταμόν
954 3571 1022 3611 cum
1045 3553 1125 3627 operi
1144 3558 1271 3630 potatis.
1316 3559 1347 3618 In

151 3648 320 3735 ἐθορυβήθη
342 3661 371 3713 et
393 3650 459 3724 τοὺς
481 3649 617 3734 ἀρίστους
639 3656 815 3713 Plutarehea
836 3655 888 3713 illa
910 3654 1041 3714 cernitur
1063 3655 1262 3735 loquacitas3
1296 3663 1347 3722 cir.

152 3756 238 3813 Fabia
271 3775 298 3831 p.
335 3760 383 3816 69.
417 3757 610 3815 Plutarchum
629 3777 745 3832 μαμιιασ
767 3757 886 3831 siquam
905 3776 963 3815 neu
988 3763 1067 3816 recte
1082 3751 1236 3842 σύνθημα
1256 3766 1347 3825 inter·

153 3859 258 3932 pretari
291 3865 398 3933 putant
432 3859 580 3917 Woelfflin
615 3860 717 3934 Comp.
739 3878 766 3936 p.
790 3861 830 3917 42
855 3877 910 3937 σιμ,
931 3860 1017 3918 Fabia
1033 3878 1061 3936 p.
1081 3861 1119 3919 70
1140 3864 1218 3924 adn.
1239 3870 1270 3927 1.
1316 3869 1349 3928 Et

150 3961 266 4033 siquam
301 3961 377 4030 dare,
412 3962 548 4037 quamvis
572 3963 675 4020 multis
699 3963 771 4020 locis
793 3963 830 4020 de
853 3968 965 4021 tessera
989 3962 1033 4041 (id
1056 3957 1170 4027 estad
1198 3962 1350 4054 σύνθημα

150 4063 210 4120 »die
233 4063 360 4136 larcle»)
384 4063 500 4122 dicatur
522 4065 585 4138 (cir.
608 4063 782 4139 Nipperdey
805 4065 842 4122 ad
866 4067 941 4123 Anu.
965 4064 1039 4124 Xlll
1064 4063 1107 4143 2),
1129 4076 1284 4134 attamen
1309 4076 1350 4134 hic

151 4171 272 4240 prepter
303 4166 387 4222 iussa
419 4166 504 4223 rata·
542 4166 667 4223 Valeataa
700 4167 736 4225 de
771 4167 877 4225 vexillo
912 4168 1067 4243 proposito
1090 4175 1121 4227 ct
1149 4172 1193 4232 de
1223 4177 1351 4238 classico

149 4274 275 4325 canente
298 4269 504 4344 accipiendum
528 4276 582 4326 est.
