2978 4800
196 252 214 308 8

154 441 303 507 Tacitus
344 460 466 526 neque
508 460 551 507 ea
593 442 689 508 inter
722 441 823 527 ipsos
853 442 1055 510 similitudo
1083 447 1150 521 est,
1180 446 1221 509 ut
1248 441 1336 526 quis

152 560 242 626 furti
271 560 437 627 Tacitum
467 579 641 628 accusare
668 561 798 646 possit,
828 561 920 627 haec
949 581 970 626 a
998 561 1183 628 communi
1216 560 1335 645 petita

155 699 238 746 esse
267 685 417 747 auctore
445 700 520 748 non
549 687 604 747 est
631 700 697 748 cur
724 680 938 747 infitiemur.

259 1225 350 1292 Eius
379 1244 476 1310 quae
505 1226 551 1292 de
579 1224 738 1291 tumultu
766 1224 1041 1292 classiariorum
1062 1225 1233 1310 sequitur
1250 1246 1337 1293 nar-

154 1345 311 1412 rationis
353 1349 471 1412 totum
512 1344 620 1429 quasi
656 1363 792 1429 corpus
808 1337 833 1429 ¹)
862 1364 881 1411 e
910 1344 1036 1411 Tacito
1065 1364 1139 1411 non
1167 1345 1336 1429 pendere

156 1469 330 1552 apparet;
368 1484 483 1531 unum
514 1462 696 1548 excipitur
723 1466 759 1530 in
788 1464 955 1531 clausula
981 1465 1159 1550 positum:

197 1719 322 1777 31-33
357 1711 569 1797 διεφθάρησαν,
591 1710 625 1778 οὐ
654 1741 718 1798 χρη·
813 1717 824 1775 l
850 1720 867 1776 6
912 1717 1052 1775 introitus
1084 1718 1116 1776 iu
1148 1715 1250 1776 urbem
1276 1725 1337 1776 tru-

154 1814 224 1882 οτόν
260 1814 325 1880 οὐδὲ
362 1813 455 1881 αἴσιον
492 1818 640 1888 ποιοῦντες
675 1820 718 1898 τῷ
770 1819 871 1878 cidotis
894 1825 932 1877 tot
953 1819 1073 1877 utilibus
1095 1820 1254 1878 inermium
1280 1821 1337 1878 mi·

155 1915 262 2003 Γάλβᾳ
277 1913 328 1982 τὸν
346 1915 446 1983 οἰωνὸν
464 1914 577 1983 εἰσιόντι
592 1914 640 1983 cul
653 1926 720 1984 πολ·
772 1922 857 1980 titum
878 1921 1030 1995 infaustus
1052 1922 1148 1980 omiue
1162 1926 1246 1997 atque
1262 1922 1339 1998 ipsis

155 2021 207 2085 tot
240 2018 329 2102 uiroc
363 2017 411 2085 uui
444 2022 552 2100 νεκρῶν
573 2018 720 2085 τοσούτων·
771 2025 856 2082 etium
880 2024 932 2101 qui
949 2024 1104 2082 occiderunt
1119 2023 1337 2094 formidolosus.

155 2123 195 2194 εἰς
215 2121 266 2205 τὴν
286 2120 368 2186 πόλιν
390 2172 397 2186 .
420 2171 457 2187 ..
771 2125 848 2184 137
884 2131 908 2183 et
930 2126 1014 2183 cuius
1038 2126 1164 2184 leuitatis
1178 2132 1219 2184 est
1237 2127 1337 2196 Gaui,

771 2227 832 2284 ium
847 2227 969 2301 sortasse
979 2228 1127 2302 promisit,
1140 2233 1173 2285 ut
1188 2229 1241 2303 qui
1256 2229 1336 2288 uuile

770 2333 930 2404 erposceute
963 2335 1002 2387 tot
1027 2330 1111 2388 milia
1133 2330 1330 2390 innocentissi-

771 2451 887 2491 morum
901 2433 1029 2491 miiitum
1045 2433 1234 2491 trucidaverit.
1262 2433 1333 2493 Hor-

769 2555 818 2594 ror
850 2537 984 2594 animum
1019 2535 1105 2606 subit,
1129 2535 1264 2610 quotiens
1294 2553 1336 2594 re·

770 2639 869 2697 eerdor
896 2637 1015 2713 [uatem
1037 2638 1191 2695 introitum
1214 2643 1240 2694 et
1263 2637 1340 2696 huuc

770 2741 862 2797 solum
889 2739 994 2798 Guttae
1025 2739 1182 2810 uictoriam,
1205 2756 1276 2796 cum
1304 2738 1340 2796 iu

770 2842 860 2901 oeulis
886 2841 968 2899 rubis
989 2840 1136 2898 (decurtari
1156 2840 1267 2898 deditos
1289 2841 1337 2898 iu-

770 2946 851 3010 beret,
875 2962 947 3020 quos
979 2943 1156 3018 deprecantes
1185 2942 1220 3000 in
1246 2942 1340 3016 fidem

769 3052 916 3122 acceperut.
962 3045 1018 3103 His
1056 3044 1197 3120 emmelis
1233 3045 1338 3103 urbem

769 3150 917 3225 irmressus
933 3193 939 3206 .
956 3193 962 3205 .
978 3193 985 3206 .

257 3376 358 3442 Haec
384 3376 574 3443 Plutarchi
616 3376 733 3443 rerba
762 3395 782 3441 e
810 3374 936 3439 Tacito
964 3378 1072 3458 parta
1098 3371 1334 3439 crediderim.

151 3497 245 3563 Nam
286 3497 435 3583 gemina
477 3501 564 3564 sunt
605 3487 650 3563 ou
688 3485 853 3589 χρηστὸν
894 3486 980 3562 οὐδὲ
1020 3492 1235 3560 αἴσιον...
1267 3483 1337 3559 τὸν

153 3606 283 3683 οἰωνὸν
314 3608 463 3685 εἰσιόντι
491 3607 552 3683 <ud
573 3668 579 3681 .
603 3668 641 3681 ..
675 3607 807 3709 νεκρῶν
836 3602 1066 3696 concitari
1093 3614 1142 3695 ιίς
1171 3602 1239 3704 τὴν
1268 3600 1337 3678 uo·

253 3951 276 4017 ¹)
299 3954 342 4012 De
365 3971 423 4029 quo
447 3954 498 4011 cir.
521 3953 716 4020 Juenemann,
740 3951 837 4026 Leipz.
862 3949 945 4008 stud.
971 3951 1018 4020 16,
1040 3967 1068 4023 p.
1094 3949 1206 4006 1-20.

252 4073 277 4145 ²)
300 4071 360 4130 Cir.
384 4070 542 4139 Woelfflin,
566 4070 668 4145 Comp.
692 4089 719 4144 p.
744 4070 797 4127 12:
821 4067 907 4125 »Wes
932 4066 1052 4125 Tacitus
1076 4085 1134 4124 ron
1158 4068 1216 4125 den
1238 4070 1334 4140 i,000

150 4174 267 4234 Todten
291 4174 373 4244 hielt,
397 4191 454 4231 ron
478 4173 574 4231 denen
599 4172 654 4229 Dio
678 4172 803 4230 Cassius
827 4173 874 4232 64.
899 4171 1333 4244 3‚‘.'‚gewiss1ibertrieben‚

148 4277 302 4349 berichtet‚
325 4277 437 4335 wissen
470 4275 526 4332 wir
557 4275 652 4346 nicht;
688 4273 832 4331 vielmehr
855 4271 957 4329 u'ollte
979 4290 1012 4329 er
1032 4273 1062 4329 in
1086 4272 1142 4331 den
1168 4272 1333 4345 Historiem
