2978 4800
199 252 238 309 52

259 440 423 508 29—38.
479 440 672 507 Simillima
700 445 788 507 sunt
815 441 1005 526 insipncnt
1024 479 1074 490 -
1094 442 1193 508 uidit
1217 447 1253 507 et
1273 434 1335 509 ἀν-

156 554 240 653 δρὸς
270 600 312 607 -
344 552 557 654 ἡγεμονίας
600 580 723 646 neque
755 561 851 627 inter
879 579 919 626 se
947 561 1100 627 dissona
1127 562 1256 628 stricto
1288 601 1331 608 —

155 701 242 748 νοοο
269 685 305 747 et
332 671 373 749 τὸ
403 675 527 774 κλῆμα
556 719 605 726 -
633 672 788 776 ξίφοςῙ).
845 680 952 746 Hanc
984 679 1270 766 descriptionem
1300 689 1336 748 et

154 801 280 867 lumen
316 799 406 866 illud
449 798 497 865 ab
539 799 611 866 alio
649 804 806 882 auctore·
828 799 875 865 ad
903 799 1060 866 verbum
1097 801 1335 868 transtulisse

156 920 322 987 Tacitum
351 920 456 1004 piget
483 919 641 1004 opinari.
697 919 937 985 Plutarchum
968 924 1102 998 autem,
1129 921 1231 1005 quod
1252 920 1336 986 Gal-

155 1039 238 1118 bae,
276 1059 351 1105 non
388 1038 527 1116 Pisoni,
560 1037 820 1123 Sempronium
849 1041 1075 1107 succurrisse
1104 1039 1229 1118 tradit,
1256 1040 1336 1107 falli

155 1161 251 1226 inter
283 1178 412 1225 omnes
440 1157 518 1224 fere
547 1151 739 1241 constetit
794 1159 972 1226 Eiusdem
1001 1158 1100 1226 modi
1130 1161 1336 1227 memoriae

155 1299 282 1346 errore
309 1279 438 1364 lapsus
467 1279 618 1364 plagam
646 1278 745 1344 Vinii
770 1278 807 1344 in
826 1279 1004 1364 poplitem
1023 1279 1084 1346 icti
1107 1279 1335 1365 Sempronio

153 1399 320 1483 imponit.
383 1398 480 1464 Illud
522 1416 613 1463 vero
655 1396 701 1464 de
745 1399 821 1464 vite
863 1419 884 1464 a
925 1398 1139 1466 centurione
1182 1400 1336 1468 sublata

153 1510 210 1604 (τὸ
241 1515 365 1613 κλῆμα
393 1540 423 1584 ν.
443 1541 473 1585 τ.
495 1516 543 1602 λ.)
576 1517 668 1601 ipse,
710 1521 751 1582 ut
792 1518 857 1602 qui
897 1517 1152 1584 Romanorum
1194 1519 1336 1587 cultum

152 1638 348 1705 militarem
378 1636 542 1714 vidisset,
570 1636 792 1703 Plutarchus
822 1639 1007 1723 appinxit3
1037 1639 1124 1704 item
1154 1630 1267 1707 οὐδὲν
1292 1680 1332 1688 -

152 1753 325 1852 βοηθῶν,
354 1757 479 1841 qualia
508 1760 549 1822 ut
577 1757 725 1822 virtutis
753 1758 932 1842 magister
959 1778 1034 1824 non
1062 1776 1148 1823 raro
1170 1759 1337 1828 addidit:

153 1876 227 1943 vid.
260 1876 306 1943 ad
336 1876 380 1962 Ο.
412 1878 457 1943 17
487 1896 522 1942 v.
552 1876 598 1941 31
631 1896 712 1961 sqq.
766 1876 927 1944 Omnino
955 1878 1053 1944 hunc
1079 1877 1201 1944 locum
1223 1899 1244 1945 e
1266 1901 1341 1949 me·

152 1997 269 2063 moria
297 1996 410 2081 paulo
437 1995 591 2062 liberius
619 1995 768 2062 videtur
797 1998 1016 2082 exposuisse
1029 1989 1068 2082 3).

256 2117 296 2182 P.
332 2115 374 2184 G.
405 2135 433 2182 c.
463 2117 522 2182 27.

196 2353 276 2410 1-9
313 2344 369 2413 Τὸν
392 2346 421 2413 at
443 2344 567 2432 Γανρον
599 2323 713 2411 cacata·
807 2351 882 2409 141
918 2351 1002 2409 Ιοοα
1036 2347 1133 2409 cartu
1159 2351 1264 2411 naam
1292 2361 1332 2414 αο

150 2453 254 2522 θέντος
275 2453 326 2515 τοῦ
346 2452 463 2532 φορείου
476 2447 540 2534 περὶ
555 2447 606 2514 τὸν
620 2458 714 2533 Κοορ-
759 2453 908 2528 piduta'onc
940 2454 1097 2528 ferentium
1136 2453 1232 2512 Galba
1270 2475 1338 2532 pro

149 2555 211 2617 τίον
250 2549 425 2634 καλούμενον
463 2549 571 2617 λα’κκον
610 2555 715 2617 inavit·
765 2557 853 2614 iactans
879 2575 893 2615 c
921 2557 989 2614 sellu
1019 2575 1052 2614 αο
1076 2556 1258 2631 promimus
1294 2565 1339 2618 cst.

38 2717 43 2728 ,
150 2657 261 2720 σθέντα
303 2657 556 2738 τεθωρακισμένον
595 2655 715 2718 ἔταττον
766 2659 835 2736 (cfr.
858 2659 947 2734 paulo
969 2659 1046 2717 infra
1060 2677 1131 2716 nom
1146 2663 1253 2733 pectus
1270 2668 1340 2737 tepe-

149 2753 389 2839 ἓποδραμόντες4).
765 2762 849 2818 hatur
870 2767 900 2819 et
922 2760 936 2818 Ι
958 2763 997 2820 35
1021 2766 1137 2836 sumpto
1160 2760 1302 2839 thorace.)

253 2996 279 3074 1)
317 2997 478 3060 φείοο-σααι
505 2997 558 3060 τοῦ
581 2994 799 3079 αὐτοκράτορος
822 2998 981 3074 respondet
1005 2998 1102 3056 verbis
1125 2997 1219 3056 Taciti
1245 3000 1340 3059 scelus

149 3100 323 3174 caprobrans
345 3101 457 3174 (contra
482 3099 642 3176 Groagium
672 3120 699 3177 p.
725 3104 784 3160 745
808 3101 875 3159 adn.
900 3100 944 3176 2);
968 3091 1003 3162 τὸ
1024 3099 1114 3178 ξίφος,
1138 3108 1171 3157 ut
1194 3101 1230 3159 fit
1255 3103 1338 3178 apud

148 3202 354 3276 Plutarchum,
365 3203 422 3260 hoc
436 3203 500 3261 loco
516 3208 563 3261 est
573 3204 666 3278 papio
681 3202 904 3279 (Germanorum
920 3202 1051 3271 »Dolcha
1062 3220 1123 3259 nou
1137 3201 1336 3281 »Schweroh

149 3305 200 3362 cir.
224 3322 299 3381 quae
321 3305 359 3361 ad
382 3304 414 3362 P.
437 3303 470 3364 0.
496 3307 532 3364 17
558 3325 585 3363 r.
611 3307 628 3363 2
652 3306 788 3365 dicturus
809 3324 876 3364 sum
894 3301 1008 3383 (contra
1024 3303 1184 3378 Groagium
1202 3323 1233 3381 p.
1253 3308 1338 3384 745).

252 3423 275 3500 2)
298 3424 481 3482 Firmissime
503 3424 584 3483 Lezii
608 3430 637 3482 et
661 3425 765 3483 Fabiae
787 3429 963 3499 argumenta
986 3429 1120 3499 repetere
1136 3423 1229 3493 nolui,
1248 3444 1277 3502 q.
1295 3444 1335 3501 v.;

149 3528 201 3584 cfr.
224 3527 312 3585 etiam
337 3526 484 3585 Woelfflin
508 3525 613 3602 Comp.
636 3545 664 3602 p.
688 3529 727 3585 37
751 3545 794 3602 sq.
833 3525 918 3584 Unus
942 3525 1083 3584 dissentit
1106 3524 1205 3600 Groag
1224 3545 1253 3602 p.
1271 3530 1335 3588 744

149 3646 202 3704 sq„
232 3629 283 3704 qui
311 3630 470 3705 scriptores
493 3629 667 3704 cognatione
689 3630 865 3687 coniunctos
888 3646 969 3686 more
992 3645 1047 3686 suo
1071 3633 1169 3702 negat.
1217 3627 1335 3702 Quodsi

149 3731 328 3790 Plutarchus
351 3731 441 3789 aliurn
457 3739 605 3790 auctorem
623 3739 744 3790 secutus
760 3737 848 3804 esset,
865 3731 915 3807 qui
931 3731 985 3788 hae
1001 3734 1100 3788 tautae
1116 3730 1335 3793 similitudines

148 3834 277 3891 oriturae
308 3834 425 3905 fuerint,
456 3851 516 3891 non
540 3833 689 3908 intellego.
717 3867 752 3875 -·
777 3833 951 3909 Xiphiliuus
974 3831 1070 3890 LXIV
1094 3834 1112 3892 6
1136 3831 1334 3894 Plutarchum

150 3936 268 3994 videtur
289 3936 475 4010 adhibuisse;
499 3937 551 3994 cir.
575 3936 740 3995 Mommsen
764 3954 791 4011 p.
816 3937 876 3995 306
900 3934 967 3992 adn.
991 3936 1018 4008 2,
1040 3935 1157 3993 Krauss
1173 3953 1202 4010 p.
1220 3937 1261 3996 30
1280 3955 1336 4015 sq„

149 4038 235 4096 Fabia
258 4056 285 4114 p.
311 4041 379 4097 166.

251 4157 276 4236 ³)
301 4158 359 4217 Cir.
382 4158 538 4216 Praefatio.
560 4193 599 4200 —-
622 4159 664 4218 De
687 4163 765 4216 actas
785 4192 822 4200 -
841 4157 911 4216 radit
933 4158 1076 4217 Muenzer
1091 4176 1120 4234 p.
1137 4159 1198 4217 327
1216 4159 1288 4218 acin.
1307 4163 1334 4219 1.

253 4275 276 4353 ⁴)
300 4278 359 4337 Cir.
383 4276 462 4336 Suet.
486 4276 520 4335 G.
545 4277 585 4336 20
608 4276 761 4352 lupaldus
782 4283 822 4335 cst
844 4277 882 4334 ad
903 4277 995 4334 lucum
1018 4276 1120 4335 Curtii.
