2978 4800
269 457 310 523 P.
346 456 389 525 G.
418 475 447 523 ο.
477 457 536 523 21.

208 693 290 751 1-2
332 686 412 752 Ἀιν
447 678 497 753 ολυ
527 688 730 772 μουοουομιυου
825 689 894 749 113
924 690 1030 751 νιοιυο
1039 712 1096 769 μου
1111 695 1150 754 n.
1169 695 1278 756 οιιοοου
1293 742 1299 756 .
1315 742 1345 758 ..

157 818 192 877 γε
224 791 277 856 τοῦ
306 787 415 876 Γάλβα
436 787 500 875 περὶ
522 785 655 874 διαδόχου
682 783 730 854 τόν
781 792 880 868 Neque
907 800 968 852 erat
1003 795 1107 856 Galbae
1132 799 1232 873 innota
1259 800 1345 860 Otho-

145 892 273 962 Ὄθωνα
296 894 468 977 παρεισῆγεν
490 888 506 957 ὁ
532 889 654 970 Οόίνως,
781 895 830 953 κίε
856 914 888 954 aa
914 897 971 954 tta·
998 898 1080 957 Vinii
1098 901 1228 959 amicitia
1233 923 1246 974 ,·
1268 903 1282 962 I
1307 906 1345 962 12

786 996 900 1068 Galbae,
922 998 984 1058 iani
1001 1001 1117 1075 pridem
1140 1003 1173 1061 de
1194 1004 1345 1080 adoptione

781 1144 787 1158 .
812 1143 818 1157 .
842 1145 848 1158 .
871 1119 937 1159 anni
956 1103 1102 1177 proximis
1120 1105 1266 1180 aaitantis.

201 1221 284 1279 2-5
308 1211 374 1282 οὐδὲ
395 1216 482 1280 τοῦτο
504 1225 610 1298 προῖκα
632 1209 726 1297 πράσ-
822 1219 838 1276 Ι
859 1221 896 1278 13
914 1225 939 1278 et
953 1222 1123 1280 inmanibus
1137 1225 1214 1282 atntt
1229 1225 1344 1285 silentio

154 1344 225 1395 σων,
260 1317 325 1384 ἀλλ’
357 1314 402 1384 ε’πλ
433 1314 519 1401 γάμῳ
552 1317 603 1398 τῆς
635 1326 728 1397 θυγα·
780 1322 1050 1395 transmittentium,
1068 1326 1138 1400 qnia
1155 1325 1242 1384 Vinia
1257 1328 1344 1386 aidan

153 1418 234 1506 τρός,
268 1416 423 1502 ὁμολογίας
450 1419 599 1502 γενομένης
626 1426 727 1501 γαμεῖν
778 1423 854 1498 fitia,
878 1425 982 1483 caelebs
1002 1425 1083 1498 Otito,
1107 1447 1192 1503 aanor
1213 1448 1246 1487 aa
1269 1448 1346 1489 sacer

155 1519 248 1605 αὐτὴν
261 1516 439 1587 τόυὌθωνα
449 1528 542 1586 παῖδα
551 1522 604 1584 τοῦ
619 1516 726 1604 Γοίλγλα
778 1527 1005 1588 destinabantur.

157 1621 210 1690 nai
230 1621 365 1706 διάδοχον
380 1620 589 1706 ἀποδειχθέντα
603 1624 654 1705 τῆς
668 1618 727 1704 ἡγε-

160 1727 270 1809 μανίας.

207 1849 288 1906 5-8
319 1839 350 1909 ‘0
384 1843 414 1908 δὲ
446 1840 571 1928 Γάλβας
603 1840 648 1908 ἀεὶ
676 1842 727 1926 μὲν
822 1852 835 1910 Ι
870 1855 904 1912 13
953 1853 1041 1913 Credo
1078 1860 1102 1912 et
1138 1856 1182 1913 rei
1212 1856 1345 1931 μνιθλίσοο

161 1939 196 2031 ἦν
226 1949 309 2031 δῆλος
332 1941 389 2031 πρό
409 1947 462 2011 τοῦ
485 1947 555 2011 ἰδίου
577 1942 611 2012 τό
633 1941 727 2011 κοινόν
778 1972 880 2012 nerant
906 1955 1027 2027 subisse
1055 1957 1169 2030 frastra
1190 1977 1208 2014 α
1231 1959 1345 2017 Nerone

160 2050 310 2131 τιθέμενος
347 2046 397 2113 καὶ
434 2049 525 2131 ζητῶν
561 2045 612 2131 οὐχ
645 2044 726 2128 αὐτῷ
779 2058 945 2128 translatae,
976 2058 1004 2114 si
1031 2059 1110 2134 apnat
1137 2059 1277 2119 Othonem
1298 2081 1342 2120 νι-

159 2152 275 2215 θέσθαι
289 2146 339 2215 τὸν
353 2147 476 2232 ἥδιστον,
489 2147 566 2214 ἀλλὰ
578 2145 727 2231 Ῥωμαίοις
779 2157 964 2234 ίυαηαονολαυ.

155 2247 208 2319 τόν
232 2249 465 2335 ὠφελιμώτατον.

200 2375 306 2434 8-11
342 2377 434 2436 Δοκεῖ
460 2369 489 2435 δέ
520 2373 584 2454 μηδ’
614 2367 652 2435 iio
682 2368 726 2436 ἐπὶ
820 2379 836 2436 Ι
870 2381 907 2438 21
947 2380 1065 2440 lucentia
1097 2384 1184 2442 etiant
1212 2383 1346 2460 ananei·

157 2486 219 2546 τοῖς
241 2474 322 2546 ἰδίοις
350 2468 476 2557 χρήμασι
497 2469 584 2553 μόνον
606 2473 726 2537 ἑλέσθαι
778 2498 906 2552 onerosa,
940 2482 1042 2556 inopia
1068 2484 1116 2542 aia
1139 2485 1256 2560 privata
1279 2487 1343 2545 tate·

160 2570 210 2641 τόν
225 2571 347 2642 Ὀθωνα
363 2571 547 2657 κληρονόμον,
563 2568 726 2639 ἀκόλαστον
777 2581 878 2640 nanda.

158 2673 241 2749 είδοός
272 2673 321 2741 καὶ
346 2677 485 2758 πολυτελῆ
507 2674 556 2741 καὶ
577 2687 725 2742 πεντακισ-

155 2781 255 2863 χιλίων
287 2775 437 2862 μυριάδων
468 2773 613 2862 ὀφλήμασι
643 2785 725 2865 βεβα-

154 2878 351 2962 πτισμένονῙ).

204 3003 328 3061 11-12
340 2993 429 3064 Ὅθεν
444 2995 574 3072 άκοιίσας
588 3002 641 3066 του
660 2999 725 3067 Oit-

156 3101 219 3167 νίσυ
248 3103 340 3183 σιωπῇ
372 3098 421 3166 καὶ
443 3096 544 3186 πρηέως
566 3099 724 3186 ὑπερέθετο

157 3198 208 3285 τὴν
229 3199 374 3270 διάθεσιν.

204 3326 330 3384 13-14
375 3323 542 3400 Ἀποδείξας
574 3325 599 3387 δ’
635 3319 724 3389 αὑτὸν

155 3418 270 3488 όπατον
284 3420 334 3488 καὶ
350 3419 533 3507 συνάρχοντα
546 3420 597 3490 τόν
612 3422 725 3491 Οόίυιον

156 3526 287 3602 ἐπίδοξος
317 3516 351 3608 ἦν
384 3527 465 3598 ἔτους
495 3524 569 3610 οἶρχῖγ
591 3527 641 3592 τὸν
663 3525 724 3592 διά-

155 3633 242 3710 δοχον
264 3623 475 3711 άναγορεόσειν.

203 3750 328 3808 14-16
362 3744 425 3812 Καὶ
455 3743 489 3814 τό
517 3747 724 3832 στρατιωτικὸν
819 3760 832 3818 Ι
857 3763 895 3819 13
930 3779 1010 3836 spent
1043 3760 1208 3837 adoptianis
1240 3763 1340 3821 station

155 3844 249 3931 ἡδέως
270 3850 326 3931 εἶχε
348 3846 399 3915 τὸν
415 3847 537 3916 Ὄθωνα
550 3855 620 3936 παρ’
637 3848 724 3917 ὁντιυ-
775 3868 937 3938 ωουιμλανκ
960 3863 1057 3922 aerias
1079 3864 1112 3923 in
1127 3865 1188 3923 oties
1202 3866 1340 3941 rapiebat,

155 3952 209 4016 οὖν
231 3947 320 4016 ἄλλον
342 3950 584 4035 ἀναγορευθῆναι.
774 3965 939 4040 faventibus
958 3965 1102 4042 pteii'sqae
1125 3967 1267 4026 militnm.

262 4280 289 4360 ¹)
312 4284 370 4344 on.
395 4285 476 4345 Suet.
499 4285 531 4347 Ο.
555 4290 573 4346 5
596 4288 797 4363 κυαηνυθαιλίιω
819 4291 895 4350 aeris
917 4291 1013 4351 atiani.
