2978 4800
194 223 234 279 98

151 411 405 479 confitendum
443 415 499 478 est
514 405 550 496 ¹).
607 410 778 478 Ceterum
808 412 880 478 iam
908 412 968 477 hic
995 412 1162 479 Tacitum
1194 413 1334 479 adhibi-

151 536 229 598 tum
257 551 339 598 esse
370 550 391 597 a
419 531 619 598 Plutarcho
634 524 660 616 ι3)
689 549 733 597 eo
760 530 957 615 probabile
985 531 1038 611 tit,
1060 532 1163 616 quod
1198 532 1334 617 quibus

152 651 279 718 verbis
317 652 378 718 ille
414 652 621 718 orationem
660 651 821 718 traducit
851 650 1077 736 (coniunctis
1108 691 1157 697 —
1188 652 1331 738 copiis),

153 792 196 838 ea
225 775 391 838 extremo
419 771 530 855 capiti
558 770 601 838 Ο.
633 772 655 836 7
684 771 925 855 respondent.

256 892 367 958 3-7.
423 890 466 957 In
507 891 578 956 hoc
613 890 835 957 Plutarchus
874 891 1001 957 Tacito
1038 909 1114 958 non
1142 890 1197 956 ita
1225 890 1334 956 valde

151 1011 335 1098 congruit,
356 1010 429 1076 nisi
449 1010 550 1094 quod
571 1010 707 1077 Titiani
728 1015 763 1076 et
781 1010 929 1076 Proculi
958 1011 1165 1077 sententias
1186 1011 1332 1076 coniun-

152 1135 288 1197 xerunt
325 1130 446 1197 ambo.
502 1130 655 1196 Illorum
694 1150 775 1196 cum
811 1130 1063 1198 adulationem
1095 1133 1243 1196 tantum
1273 1130 1336 1196 Ta·

151 1252 245 1318 citus
285 1251 529 1337 perstringat,
572 1250 673 1335 apud
700 1249 940 1316 Plutarchum
971 1255 1197 1336 argumenta
1227 1269 1336 1334 quae-

153 1372 239 1438 dam
282 1371 513 1448 adferuntur,
546 1390 565 1436 e
599 1369 736 1454 quibus
777 1389 893 1435 unum
937 1369 1140 1436 Suetonius
1186 1389 1337 1456 quoquc

152 1491 278 1558 habet.
322 1490 395 1557 Sed
425 1510 446 1556 a
473 1490 685 1568 Plutarcho,
719 1509 801 1555 cum
829 1490 980 1556 omnino
1008 1490 1179 1556 Tacitum
1210 1509 1338 1574 seque·

151 1616 267 1690 retur,
309 1630 384 1677 non
426 1610 528 1677 nulla
571 1617 705 1687 tamen,
732 1615 773 1677 ut
804 1611 842 1675 in
873 1610 1051 1688 oratione,
1093 1609 1254 1676 aliunde
1289 1611 1338 1676 in·

152 1731 305 1798 teriecta
333 1749 415 1797 esse
443 1749 518 1796 nou
547 1734 603 1796 est
630 1722 893 1814 incredibile‘l).

255 1850 393 1916 7-18.
450 1850 533 1926 Quo
576 1849 831 1915 dissimiliores
868 1850 905 1914 in
943 1849 1049 1915 dictis
1088 1848 1230 1915 alienis
1264 1849 1336 1916 red·

151 1971 285 2038 dendis
323 1970 444 2037 solent
481 1988 562 2036 esse
597 1974 754 2045 veteres,
783 1988 826 2035 eo
854 1968 974 2055 magis
1002 1968 1063 2034 ille
1092 1969 1161 2053 qui
1194 1970 1235 2035 in
1266 1989 1333 2036 sen-

152 2091 267 2160 tentia
308 2090 456 2156 Paulini
497 2090 593 2155 inter
627 2088 868 2155 Plutarchum
906 2095 942 2155 et
978 2088 1148 2154 Tacitum
1183 2091 1330 2176 apparet

151 2230 355 2278 consensus
384 2208 731 2276 commemorandus
760 2200 867 2288 esth.

255 2330 296 2395 V.
340 2329 440 2395 7-9
481 2348 563 2395 cum
600 2328 735 2406 Tacito,
771 2329 835 2412 qui
869 2328 1012 2412 etipse
1039 2328 1077 2393 in
1106 2327 1223 2396 initio
1253 2330 1326 2396 haec

150 2451 287 2535 posuit,
329 2449 376 2516 ad
413 2449 571 2515 verbum
599 2449 813 2527 concinunt;
845 2467 886 2513 ac
913 2447 1136 2513 Plutarchus
1170 2450 1332 2534 quidem,

254 2757 276 2831 ¹)
300 2756 407 2814 Lenius
431 2774 460 2830 p.
488 2755 556 2824 120,
588 2752 668 2829 quod
699 2752 755 2810 hec
784 2770 823 2810 ex
847 2751 1023 2810 narrationis
1046 2769 1168 2809 conexu
1191 2771 1338 2830 apparere

149 2859 310 2931 contendit,
332 2858 363 2916 in
387 2857 459 2915 vitio
482 2861 537 2914 est.

252 2979 275 3052 2)
307 2978 366 3036 Cn.
394 2969 409 3037 ὁ
432 2971 462 3037 δὲ
478 2970 578 3036 Ὄθων
602 3021 607 3032 .
634 3021 640 3032 .
665 3020 670 3033 .
694 2967 859 3055 ἐβουλεύετο
887 2968 951 3052 περὶ
972 2972 1023 3053 τῆς
1045 2967 1140 3054 μάχης
1163 2993 1234 3033 cum
1269 2976 1338 3036 Otto

148 3081 318 3140 constritavit
340 3098 364 3137 e.
387 3098 414 3155 q.
438 3097 461 3138 s.

252 3200 277 3269 ³)
309 3200 388 3257 Haec
421 3217 438 3256 a
471 3197 572 3256 Tacite
604 3198 640 3255 ob
674 3195 750 3254 Celsi
783 3203 813 3254 et
835 3195 951 3253 Paulini
975 3195 1107 3253 studium
1131 3196 1249 3255 omissa
1273 3216 1337 3257 esse

148 3303 260 3362 Nissen
283 3321 311 3378 p.
335 3303 395 3360 522
420 3319 464 3377 sq.
487 3307 517 3358 et
540 3300 565 3357 si
588 3300 639 3375 qui
661 3317 729 3357 eum
754 3299 851 3357 secuti
868 3303 939 3357 sunt
954 3297 1032 3357 falso
1048 3298 1219 3374 opinantur.
1260 3299 1335 3358 Nam

149 3407 290 3482 quoniam
320 3411 350 3463 et
381 3403 502 3462 Tacitus
535 3408 565 3461 et
599 3401 759 3460 Suetonius
781 3419 876 3476 aeque
897 3419 931 3458 ac
954 3400 1132 3458 Plutarchus
1155 3418 1335 3476 perversum

148 3509 244 3568 fuisse
263 3507 368 3566 Titiani
397 3505 576 3581 Proculiqne
604 3504 761 3562 consilium
786 3504 841 3561 sibi
865 3511 1076 3579 persuaserant
1100 3503 1163 3578 (cir.
1186 3501 1220 3561 Τ.
1241 3505 1272 3563 ll
1296 3507 1336 3564 33

148 3611 224 3668 mern
246 3610 292 3668 illi
312 3609 459 3668 deterioris
481 3607 596 3666 consilii
617 3611 753 3674 anctorca,
779 3606 860 3664 Suet.
885 3603 917 3663 Ο.
942 3607 960 3664 9
983 3604 1116 3680 quamtus
1137 3604 1264 3664 dubium
1288 3626 1335 3666 nc·

147 3713 226 3770 ntinc'
252 3717 321 3770 esset
343 3712 416 3787 pitin
438 3710 515 3768 trahi
536 3709 640 3767 bellum
663 3713 810 3783 opertcrct;
835 3707 867 3766 P.
891 3706 924 3766 Ο.
951 3709 988 3766 10
1012 3700 1062 3768 καὶ
1083 3705 1171 3769 τοῦτο
1192 3711 1338 3790 προσεξα-

147 3809 286 3896 μαρτών),
320 3833 379 3872 uon
415 3819 478 3872 erat
508 3831 560 3870 cur
590 3811 680 3870 latius
706 3811 833 3869 istorum
859 3811 1114 3884 perscriberentur
1135 3811 1336 3871 ratiunculae.

148 3919 208 3977 Cir.
224 3937 252 3994 p.
270 3919 309 3976 99
332 3917 399 3975 adn.
424 3918 442 3974 3
466 3923 542 3973 extr.
567 3920 595 3973 et
621 3912 835 3972 Gersteneoker
858 3932 885 3988 p.
910 3915 959 3972 27.

249 4034 272 4113 4)
296 4037 406 4095 Parum
429 4035 484 4093 hoc
506 4034 622 4091 curavit
644 4032 742 4108 Groag
765 4051 793 4108 p.
810 4036 884 4092 754:
912 4032 982 4090 »Mit
997 4038 1148 4108 grdsserer
1164 4032 1338 4094 Sicherheit

147 4140 222 4199 lasst
256 4141 318 4198 sich
352 4140 400 4197 fiir
433 4139 490 4196 den
523 4137 674 4211 Kriegsrat
706 4133 798 4194 Othos
830 4136 878 4194 die
901 4135 1081 4210 Beniitzung
1105 4135 1341 4197 verschiedener

147 4242 282 4301 Berichte
304 4241 530 4300 honstatieren».
