2978 4800
194 255 233 316 18

150 437 196 505 ἀεὶ
227 451 347 523 σπεῖραν
373 439 487 516 ἐδέκαζε
507 441 630 524 χρυσοῦν
652 432 718 503 ἑκά·
768 441 890 514 speciem
919 438 1051 510 conuiuii,
1080 439 1211 514 moinus
1242 438 1333 497 Gotho

150 565 210 621 στῳ
229 543 379 622 ὃιαυέμωυ,
395 539 540 623 οἷςῖτιμᾶυ
555 535 644 604 αὐτὸν
659 535 717 603 a'dc‘-
767 541 847 618 apud
874 541 1013 600 Othonem
1035 541 1209 616 epularetur,
1225 541 1333 600 cohorti

150 669 192 707 κει
225 639 520 724 καταπολιτευόμενος
550 638 599 706 καὶ
630 647 716 723 dapu-
767 644 899 704 anmoins
931 644 1027 718 upmli
1060 643 1172 702 viritim
1204 648 1333 702 centenos

149 748 251 830 γωγῶυ
271 742 306 811 τὸ
329 740 536 831 στρατιωτικόν
544 745 577 822 ²).
767 765 906 805 nummos
944 745 1094 814 diuidcrct;
1133 763 1223 821 mrem
1259 745 1333 803 celat

765 849 911 926 publicam
933 848 1113 923 hrrpitioncm
1135 865 1159 906 e.
1183 866 1211 924 q.
1227 864 1252 907 e.

255 1092 499 1161 Communem
540 1095 599 1161 hio
639 1094 779 1161 fontem
821 1091 1027 1159 adhibitum
1070 1108 1152 1157 esse
1189 1090 1332 1176 perspl-

152 1231 260 1278 cuum
289 1218 355 1279 est.

255 1331 367 1398 6-7.
427 1331 527 1399 Satis
555 1333 652 1398 inter
680 1351 719 1398 se
748 1331 885 1398 similes
912 1331 1148 1410 Plutarchus,
1169 1329 1332 1410 Tacitus,

154 1450 368 1518 Suetonius
426 1453 565 1518 Verum
609 1451 715 1518 aliter
743 1470 820 1518 rem
849 1450 1035 1517 enuntiari
1063 1449 1128 1515 vix
1163 1450 1334 1534 potuisse

151 1574 250 1636 recte
278 1571 367 1637 dicit
396 1564 576 1660 Groagl).

255 1692 397 1757 7-24.
454 1692 619 1758 Tacitum
661 1689 834 1776 quamvis
875 1689 1086 1756 breviorem
1123 1688 1258 1755 eadem
1293 1690 1335 1756 si·

152 1809 342 1895 gnifioare,
378 1831 477 1896 quae
513 1811 633 1878 fusius
668 1809 853 1896 expressit
880 1808 1113 1888 Plutarchus
1144 1809 1230 1893 quis
1260 1825 1333 1875 non

152 1922 321 2013 videttss)
1343 2022 1345 2026 y

256 2049 421 2115 24-27.
478 2048 531 2115 Ne
560 2049 657 2115 hanc
676 2048 827 2133 quidem
846 2047 1176 2126 narratiunculam,
1198 2047 1238 2114 in
1260 2067 1333 2134 qua

151 2167 248 2233 inter
276 2187 316 2233 se
344 2172 420 2234 tres
448 2168 499 2234 illi
528 2169 728 2253 scriptores
758 2168 805 2234 ad
834 2168 990 2234 verbum
1019 2168 1097 2234 tere
1125 2167 1334 2245 concinunt,

154 2306 174 2352 a
203 2286 330 2352 Tacito
358 2289 563 2373 sumpsisse
596 2287 836 2354 Plutarchum
863 2287 950 2354 inde
979 2287 1143 2373 intellegi
1171 2292 1331 2372 oportet,

152 2400 253 2491 quod
281 2406 394 2472 huius
409 2403 579 2502 χρυσοῦν
601 2406 767 2474 Suetonii
786 2407 904 2473 verbo
924 2426 1059 2473 aurcos
1077 2400 1330 2492 responden).

152 2525 301 2591 Tacitus
322 2545 477 2593 aureum
498 2528 661 2594 contenis
680 2527 848 2594 nurnmis
867 2526 1105 2612 permutavit.
1145 2525 1221 2592 Sed
1243 2528 1336 2595 haec

153 2665 304 2731 quoque
332 2644 485 2713 difficile
514 2651 594 2714 crat
623 2644 703 2713 aliis
732 2644 858 2713 verbis
887 2646 1033 2713 efferre.

152 2845 357 2854 *—

256 2984 279 3050 ¹i
307 2981 366 3041 Cir.
396 2982 426 3041 S.
457 2982 476 3040 1.
505 2981 524 3041 l.
553 2982 685 3059 quotiens
705 3002 792 3042 coeno
807 2984 971 3059 principem
994 2985 1137 3059 comperet,
1161 3003 1267 3044 aurcos
1289 3005 1338 3044 ea·

151 3085 269 3143 credenti
289 3085 397 3143 cohorti
419 3085 529 3142 uiritim
552 3086 699 3144 dividebat.

253 3204 277 3279 ²)
300 3203 333 3261 P.
360 3206 419 3263 767
444 3205 512 3262 adn.
537 3207 569 3264 3:
592 3206 654 3263 »ein
676 3205 727 3262 aui
748 3205 857 3264 andere
875 3206 972 3264 Weise
988 3207 1075 3264 kaurn
1091 3206 1336 3266 ausaudrilcken·

152 3308 205 3366 des
236 3307 448 3364 Fahtum».·—
472 3306 568 3365 Nimis
597 3314 703 3381 argute
727 3308 813 3366 Fabia
836 3327 864 3383 p.
889 3310 949 3367 148
973 3325 1017 3384 sq.
1041 3308 1234 3367 Plutarchum
1259 3309 1335 3369 Sue·

153 3409 233 3467 tonio
257 3408 427 3466 similiorem
453 3427 542 3484 quam
567 3409 669 3468 Tacito
692 3410 785 3482 docet,
808 3411 886 3486 quod
910 3428 1017 3468 nomen
1042 3408 1152 3470 Galbae
1173 3412 1255 3487 apud
1277 3411 1336 3471 Ta-

150 3511 243 3570 citum
267 3518 335 3587 post
355 3517 454 3584 portes
475 3512 669 3570 desideretur.
704 3512 823 3570 Maioris
847 3513 935 3588 paulo
958 3513 1037 3570 haud
1061 3514 1123 3572 scio
1145 3533 1183 3571 an
1207 3516 1248 3573 sit
1271 3533 1336 3574 mo-

151 3613 242 3672 menti
275 3613 428 3672 Plutarchi
460 3607 661 3695 προσεχώρησο
694 3615 730 3672 ad
765 3614 899 3673 Suetonii
932 3616 1047 3674 occessit
1069 3635 1157 3692 quam
1181 3617 1219 3675 cd
1239 3617 1336 3678 Taciti

152 3721 349 3790 lrcnsprcssns
371 3717 496 3792 propius
518 3717 666 3775 accedere.

255 3832 280 3911 ³)
305 3835 363 3893 Cir.
387 3835 474 3893 Fabia
497 3853 524 3910 p.
552 3837 588 3894 13
613 3853 657 3912 sq.
683 3870 721 3878 -
744 3835 846 3894 Minus
868 3837 993 3895 feliciter
1015 3837 1121 3897 Lenius
1144 3856 1173 3914 p.
1197 3840 1246 3899 23.

253 3956 276 4028 ⁴)
299 3954 379 4013 Haeo
413 3953 545 4013 Suetonii
577 3951 650 4014 oum'
676 3955 838 4014 Plutarcho
861 3957 1025 4015 similitudo
1049 3977 1108 4016 non
1130 3965 1177 4017 est
1197 3960 1335 4019 animad-

152 4074 246 4114 versa.
289 4053 352 4127 Qua
375 4074 451 4131 quae
474 4057 578 4115 dicunt
600 4057 707 4115 Lenius
731 4075 759 4132 p.
784 4060 822 4117 23
846 4064 876 4117 et
897 4059 998 4133 Lange
1020 4061 1088 4118 adn.
1113 4063 1151 4120 63
1176 4061 1335 4121 tolluntur.

149 4158 238 4216 Fabia.
260 4177 288 4234 p.
314 4160 362 4228 14,
385 4164 419 4216 ut
442 4159 553 4217 iontem
586 4177 774 4218 communem
806 4162 930 4220 subesse
952 4163 1143 4234 demonstret,
1166 4164 1264 4222 adfert
1287 4167 1335 4223 in-

150 4266 265 4319 certum
289 4260 363 4318 illud
385 4268 594 4335 argumentum
619 4280 708 4321 suum
732 4263 769 4322 de
792 4263 987 4339 dispositione
1004 4267 1181 4341 scriptorum
1197 4266 1335 4328 ductum.
