2978 4800
195 245 284 292 xx1v

152 429 270 490 torem
299 423 416 490 fuisse
445 423 685 490 Plutarchum
714 424 954 492 confitebitur
980 426 1150 511 quisquis
1169 425 1336 494 fontibus

154 541 316 610 vitarum
344 542 614 609 Parallelarum
642 544 755 610 studii
785 544 925 628 aliquid
945 545 1175 628 impertierit.
1205 538 1364 612 Emori-²

152 661 212 729 tiri
239 666 435 748 praeterea
463 662 501 728 in
529 662 695 729 historiis
714 663 798 748 quis
818 664 968 749 ignorat
984 683 1199 730 concessum
1221 665 1336 732 fuisse

152 781 381 859 rhetoribus,
410 786 452 848 ut
479 781 581 866 quod
610 781 748 848 vellent
775 783 898 849 dicere
922 788 1076 867 possent
1096 785 1289 870 argutius?
1310 778 1336 867 1)

151 900 206 967 Nc
247 900 396 969 Tacitus
438 901 589 986 quidem
630 921 778 986 semper
805 921 826 968 a
855 902 920 967 tali
953 902 1037 969 luco
1067 902 1241 982 abstinet,
1270 906 1335 989 qui

153 1020 304 1108 quidem
333 1021 507 1106 scopulos
562 1040 721 1088 arenoso
749 1022 862 1088 maris
891 1022 1102 1090 Germanici
1129 1023 1244 1090 littori
1273 1043 1335 1109 ap·

151 1140 316 1226 pinxerit
335 1134 372 1226 2).
429 1141 487 1207 Eo
521 1141 640 1227 magis
677 1141 883 1209 Graeculus
911 1142 983 1221 ille,
1014 1143 1158 1209 etiamsi
1187 1144 1331 1209 maiori-

151 1260 223 1328 bus
250 1261 288 1327 in
316 1260 429 1327 robus
459 1279 480 1327 a
510 1261 703 1327 mendacio
727 1261 798 1327 sibi
818 1263 1049 1346 temperavit,
1067 1261 1204 1329 frivola
1223 1282 1335 1347 quae·

152 1381 238 1448 dam
267 1380 376 1447 etiam
408 1386 520 1465 atquc
549 1381 659 1448 otiam
688 1381 802 1447 rebus
831 1382 1053 1448 enarrandis
1084 1382 1256 1461 intexuit,
1286 1387 1335 1461 ut,

151 1499 261 1586 quasi
289 1505 523 1586 gererentur,
554 1500 625 1566 sub
655 1505 844 1584 aspectum
863 1501 1067 1586 legentium
1087 1501 1273 1568 subiceret
1291 1495 1332 1586 ³).

152 1619 209 1687 Ita
246 1619 289 1686 fit
328 1629 369 1686 ut
402 1639 515 1704 saepe
542 1621 651 1705 plura
679 1621 793 1706 paulo
823 1625 935 1706 atque
963 1621 1073 1686 etiam
1104 1622 1334 1687 accuratiora

151 1738 368 1825 praebentis
395 1739 555 1823 speciem
574 1759 666 1825 prae
687 1759 727 1806 sc
745 1739 844 1806 ferat
863 1760 976 1824 quam
996 1740 1156 1805 Tacitus.
1188 1740 1332 1815 Quodsi

152 1858 313 1943 exempli
352 1878 466 1925 causa
504 1862 721 1953 τετρωμένοι
750 1859 793 1926 O.
826 1860 906 1938 15,3
942 1879 989 1926 ex
1025 1879 1125 1926 vano
1159 1860 1334 1927 haustum

151 1997 233 2047 csse
288 1978 398 2045 certis
445 1979 675 2066 argumentis
720 1980 971 2047 demonstrari
1016 1979 1153 2065 poterit
1165 1972 1205 2063 4),
1249 1979 1334 2064 plus

151 2098 241 2166 fidei
275 2099 339 2165 vix
378 2097 582 2165 merebitur
611 2106 688 2183 τοῖς
717 2103 1024 2192 προτεταγμένοις
1052 2099 1212 2178 0.12,1.
1254 2101 1334 2166 Iam

152 2218 189 2285 in
215 2218 291 2285 vita
321 2217 521 2297 Coriolani,
543 2237 656 2303 quam
684 2218 731 2284 de
758 2237 835 2284 uno
861 2218 941 2284 iere
968 2219 1150 2305 Dionysio
1177 2219 1334 2286 fluxisse

150 2342 307 2416 constat,
337 2357 450 2423 quam
485 2338 702 2422 frequenter
740 2337 917 2405 adhibeat
953 2339 1085 2404 similia
1114 2340 1332 2405 elocutionis

152 2462 386 2536 ornamenta,
409 2462 577 2543 apparet.
623 2457 721 2534 Quin
740 2457 925 2525 interdum
945 2458 1064 2524 fusior
1083 2478 1196 2543 quam
1218 2459 1332 2526 tontis

151 2581 207 2644 est
234 2576 423 2644 Plutarchi
452 2577 620 2644 narratio
628 2602 636 2658 ;
665 2597 785 2663 usque
814 2597 858 2645 eo
876 2578 976 2645 levia
995 2578 1058 2644 illa
1079 2578 1274 2645 abundant
1291 2571 1330 2664 ὃ).

254 2827 276 2903 ²)
300 2830 358 2888 cn.
383 2829 442 2888 Cic.
466 2830 549 2887 Brut.
576 2832 674 2899 tnta.

253 2931 280 3007 ²)
304 2933 380 2990 Anu.
404 2932 434 2990 II
457 2934 496 2990 23
514 2950 572 3008 sq.;
597 2933 648 2990 cfr.
673 2931 761 2989 Peter
776 2930 809 2989 G.
827 2931 859 2989 L.
879 2931 908 2989 II
923 2950 951 3007 p.
968 2933 1038 2990 294.
1052 2932 1148 2989 —De
1163 2932 1247 2990 Livio
1264 2932 1333 2991 Nis-

150 3050 211 3112 sen,
239 3032 387 3092 Kritische
416 3033 700 3108 Untersuchungen,
725 3033 853 3091 Berolini
883 3054 908 3090 a.
943 3034 1033 3107 1863,
1062 3052 1090 3109 p.
1115 3036 1170 3091 22:
1215 3034 1331 3095 mr...

149 3140 297 3196 sciat...
343 3135 561 3211 Kleinigheiten
596 3135 769 3208 hiltrudis
802 3137 971 3195 manchrnal
1005 3155 1060 3195 ans
1091 3136 1157 3194 dem
1182 3135 1331 3210 Gesagten

149 3237 257 3313 richtig
279 3237 436 3314 gelolgert,
459 3239 501 3296 olt
531 3238 721 3310 ztveilelhalt,
743 3239 786 3296 oft
809 3239 936 3312 gradezn
961 3239 1057 3297 falsch
1080 3239 1187 3297 sind».-
1213 3239 1330 3296 Livium

149 3345 247 3400 umen
271 3340 351 3399 omni
376 3358 501 3399 nurnero
524 3340 741 3415 diligentiorem
764 3359 851 3416 quam
876 3341 1070 3400 Plutarchum
1093 3341 1205 3399 iudicat
1228 3360 1256 3416 p.
1281 3344 1331 3402 34.

148 3474 191 3486 -
214 3440 385 3519 speciosius
408 3461 496 3519 quarn
521 3443 621 3501 verius
644 3442 733 3501 Fabiu
756 3461 783 3517 p.
808 3444 862 3501 50:
885 3442 941 3500 »La
960 3443 1133 3518 negligence
1148 3439 1221 3501 d’un
1238 3444 1332 3501 histo-

148 3543 269 3604 usu...
293 3561 325 3604 sc
358 3544 470 3604 tmduit
502 3545 571 3621 plns
604 3545 824 3619 gendmloment
856 3563 909 3620 par
939 3545 992 3602 des
1016 3545 1175 3604 omissions
1198 3563 1257 3620 que
1279 3564 1333 3621 par

148 3645 202 3707 das
224 3647 395 3706 additions».

253 3748 279 3826 ³)
304 3749 363 3809 etr.
398 3750 486 3809 Peter
509 3770 536 3827 p.
570 3754 602 3809 5:
626 3750 732 3809 »Nicht
755 3750 851 3808 selteu
879 3750 930 3808 hat
953 3751 1003 3808 ihn
1027 3752 1104 3808 auch
1128 3752 1210 3808 seine
1233 3751 1332 3808 Phan-

148 3851 224 3912 ttsis
249 3852 310 3911 und
338 3853 421 3911 seins
445 3852 546 3924 Sucht,
568 3853 649 3912 Alles
670 3852 864 3910 nuszumalen
880 3853 940 3910 und
957 3853 1098 3928 plastisch
1122 3853 1333 3925 ilarzustellen,

151 3969 191 4014 1111
215 3953 492 4029 Ungenaniglteiten
517 3956 578 4013 und
602 3956 717 4014 hlainen
741 3955 888 4013 Zuthntcn
913 3955 1101 4013 veranlassl».

252 4056 277 4131 ‘l
299 4056 358 4117 (lh.
380 4057 457 4115 inim
479 4076 508 4132 p.
535 4058 685 4115 12911111.
712 4061 737 4114 1.

256 4154 280 4234 ³)
303 4157 362 4218 Ch.
386 4157 418 4216 P.
442 4158 507 4217 Cor.
536 4161 573 4217 111
596 4165 626 4216 et
649 4159 734 4216 Ilion.
757 4158 799 4216 Vl
824 4161 862 4217 94
887 4159 988 4236 (Peter
1013 4177 1041 4234 p.
1069 4160 1105 4216 15
1122 4159 1243 4233 8111.-
1259 4158 1332 4217 Eius

149 4260 271 4336 3111111118
293 4276 391 4336 nugae
414 4267 488 4319 sunt
508 4268 569 4330 τοῖς
590 4254 721 4340 μάλιστα
741 4259 953 4339 πιστεωμὲνοις
974 4259 1008 4318 G.
1033 4256 1333 4340 27.41sq.;a';.1acou
