2978 4800
1229 285 1288 342 125

149 473 241 562 τροπὴ
263 479 385 560 γένηται,
407 474 540 545 πλείονας
562 470 637 546 εἰκός
658 475 717 537 ἐστι
769 474 849 532 enim
870 473 1002 532 civilibus
1021 471 1100 530 bellis
1113 471 1189 546 capti
1203 471 1236 528 αι
1246 489 1331 545 qrae-

149 581 193 659 τῷ
223 580 330 662 μηδένα
362 580 487 660 ζωγρεῖν,
510 577 640 659 χρῆσθαι
660 572 717 658 γὰρ
769 576 836 634 darn
859 581 1015 634 certantur.

150 678 203 746 otia
226 681 286 745 ἔστι
307 689 369 752 ταῖς
391 674 595 760 ἁλισκομένοις,

195 786 320 844 14-15
354 777 371 864 ἡ
404 782 429 844 δ’
447 775 490 844 ἐπὶ
518 782 641 845 τοσοῦτο
664 804 718 844 σω·

149 885 214 969 ρεία
245 881 295 948 καὶ
322 879 501 964 συμφόρησις
519 877 571 947 οὐκ
593 881 648 964 ἔχει
668 878 718 964 τὴν

150 986 249 1050 αἰτίαν
264 980 490 1067 εὐσυλλόγιστον.

256 1146 360 1211 1-4.
417 1144 496 1210 Has
524 1145 702 1229 reliquias
723 1147 842 1213 dicam
862 1145 975 1211 fontis
995 1144 1092 1210 illius
1114 1144 1331 1219 communis,

150 1265 252 1333 unde
279 1264 426 1331 fluxere
454 1284 553 1349 quae
582 1266 817 1333 antecedunt.
874 1263 950 1332 Cir.
979 1264 1180 1330 Praefatio.

253 1385 296 1450 V.
337 1384 459 1449 4-11
501 1404 521 1450 a
560 1384 711 1452 Mestrio
746 1385 858 1452 Floro
895 1383 1083 1450 consulari
1111 1383 1332 1450 Plutarchus

152 1504 313 1584 audivit;
355 1523 454 1588 quae
491 1509 700 1589 sequuntur
727 1506 765 1571 in
794 1504 994 1571 scribendo
1029 1503 1184 1570 addidit.
1240 1503 1332 1570 Nam

152 1645 187 1690 r.
223 1624 377 1691 11--13
406 1624 584 1710 quoniam
612 1629 687 1691 tam
715 1626 806 1692 mire
834 1644 917 1690 cum
942 1623 1098 1709 singulis
1119 1624 1234 1690 Taciti
1254 1644 1334 1690 ver-

151 1744 209 1810 bis
250 1745 450 1811 concinunt
464 1737 499 1829 l)‚
540 1744 630 1829 quin
672 1763 718 1811 ex
759 1744 817 1810 his
854 1745 925 1811 orti
964 1743 1049 1821 sint,
1082 1743 1185 1809 nullo
1222 1743 1343 1810 modo·

149 1864 234 1931 fieri
262 1867 397 1947 potest.
454 1861 677 1928 Plutarchus
704 1863 819 1948 igitur
840 1883 876 1928 v.
900 1863 1051 1928 11-15
1073 1881 1154 1928 eam
1174 1882 1334 1941 causam,

151 2003 265 2069 quam
302 1983 514 2068 quaesisset
547 1982 720 2049 Mestrius
755 1982 901 2060 Florus
940 1983 1104 2067 quodam
1140 1983 1252 2048 modo
1289 1983 1333 2048 si-

151 2103 309 2190 gnificat
335 2122 383 2168 ne
411 2121 458 2169 ex
486 2103 530 2168 iis
560 2102 709 2187 quidem
739 2102 818 2168 erui
838 2121 960 2186 posse,
980 2121 1077 2186 quae
1097 2101 1246 2168 Tacitus
1265 2103 1334 2168 hoc

150 2223 232 2289 loco
261 2222 433 2289 dixisset:
465 2222 522 2288 his
551 2222 642 2288 nihil
672 2221 773 2289 aliud
801 2223 979 2307 explicari
1007 2222 1079 2288 nisi
1106 2241 1172 2288 cur
1199 2227 1253 2289 tot
1271 2223 1333 2288 mi-

150 2343 235 2410 lites
263 2342 373 2408 occisi
403 2347 542 2421 essent;
573 2342 664 2426 quid
692 2362 783 2409 vero
810 2343 956 2422 luisset,
986 2362 1104 2428 quare
1133 2343 1332 2410 altissimus

151 2481 350 2546 corporum
380 2461 549 2528 cumulus
578 2461 683 2527 iuxta
711 2462 887 2546 templum
916 2462 1007 2529 illud
1036 2468 1332 2541 coacervaretur,

151 2576 228 2649 non
258 2600 442 2667 apparere
456 2574 493 2666 ρ).

256 2703 297 2768 Ρ.
332 2702 373 2770 Ο.
404 2722 432 2768 c.
464 2703 519 2768 15.

197 2872 278 2929 1-3
305 2868 356 2947 Τῷ
375 2865 404 2931 δὲ
414 2863 525 2931 Ὄθωνι
539 2868 655 2948 πρῶτον
669 2863 719 2946 μὲν
814 2868 842 2926 Il
866 2870 905 2927 46
936 2868 1139 2943 Opperiebatur
1167 2868 1238 2927 Otho
1258 2888 1334 2927 mun-

151 2966 280 3051 ἀσαφής,
314 2965 411 3051 ὥσπερ
445 2965 534 3033 εἴωθε
565 2964 629 3048 περὶ
661 2969 720 3030 τῶν
772 2969 847 3028 liam
866 2989 984 3045 puqnce
1007 2989 1189 3046 nequicquam
1209 2971 1335 3048 trepidus

256 3191 279 3268 1)
317 3187 456 3271 &vacuam
486 3187 615 3273 μὲνγὰρ
640 3239 645 3251 .
671 3237 677 3249 .
701 3238 706 3249 .
728 3192 861 3261 πλείονας
892 3184 966 3261 εἰκός
988 3190 1056 3266 ἐστι,
1078 3211 1134 3268 quo
1151 3193 1222 3268 plus
1243 3193 1336 3251 caedis

151 3295 224 3372 suin
248 3288 332 3375 παρὰ
352 3289 421 3364 τοὺς
444 3294 597 3374 ἐμφυλίους
617 3294 767 3374 πολέμους,
789 3295 920 3352 ciuilibus
942 3295 1032 3369 bellis3
1056 3293 1184 3375 χρῆσθαι
1206 3290 1261 3377 γὰρ
1284 3291 1335 3357 οὐκ

151 3398 213 3460 ἔστι
235 3423 261 3460 κ.
282 3421 309 3460 τ,
331 3401 365 3471 l„
388 3416 476 3472 ueqac
498 3398 576 3454 euim
599 3416 623 3455 e.
647 3417 674 3474 q.
698 3415 722 3455 s.

256 3496 281 3578 ²)
305 3498 451 3572 Quoniam
473 3500 612 3557 cumulus
635 3499 684 3557 ille
707 3518 743 3557 ne
766 3504 1013 3557 commemoratur
1040 3500 1159 3574 quidem
1183 3500 1212 3557 in
1236 3501 1336 3559 Histo-

154 3603 205 3661 riis
237 3602 329 3678 (aliud
359 3610 406 3661 est
428 3603 507 3660 enim
530 3602 686 3660 obstructae
708 3607 800 3676 straqe
822 3620 976 3677 corporum
998 3601 1073 3676 stiam
1098 3602 1223 3660 similius
1246 3603 1335 3678 paulo

152 3705 183 3763 ΙΙ
207 3706 246 3764 70
269 3709 363 3763 struas
384 3723 536 3780 corporum
558 3704 667 3762 intueri
688 3704 806 3780 mirari)
828 3723 887 3762 non
911 3712 990 3763 recte
1005 3704 1125 3780 quidam
1143 3704 1334 3763 Plutarchum

152 3808 184 3866 id
207 3808 306 3882 egisse
329 3808 444 3880 dicunt,
466 3815 500 3864 ut
523 3806 657 3864 Tacitum
681 3807 745 3880 (seu
769 3808 880 3864 iontem
904 3805 1008 3882 Taciti)
1032 3807 1182 3865 refutaret.
1207 3840 1246 3848 -
1270 3807 1334 3865 Flo-

153 3928 229 3981 rum,
252 3928 307 3968 cur
330 3916 375 3968 tot
399 3910 489 3968 occisi
509 3916 621 3982 essent,
637 3909 822 3968 sciscitatum
840 3915 947 3984 putant
962 3907 1177 3968 (ierstenecker
1191 3928 1219 3984 p.
1236 3910 1275 3967 50
1293 3927 1337 3984 sq.

153 4020 183 4072 et
213 4013 318 4087 Hardy
341 4031 369 4088 p.
396 4015 444 4084 76,
469 4013 538 4071 265.
585 4012 624 4069 At
647 4012 705 4085 ille,
727 4011 757 4068 id
781 4012 860 4087 quod
883 4011 992 4070 Lezius
1015 4030 1043 4087 p.
1069 4014 1126 4070 157
1150 4012 1218 4069 adn.
1243 4013 1261 4069 2
1285 4011 1336 4068 do-

153 4116 225 4188 cuit,
258 4114 462 4174 accumulatos
497 4121 641 4187 mortuos,
670 4132 727 4172 non
752 4133 908 4173 numerum
933 4114 1056 4172 miratus
1079 4120 1133 4172 est.
1180 4113 1257 4186 Quid
1280 4114 1335 4171 Le-

154 4218 219 4276 zius
243 4217 364 4290 diceret,
387 4235 454 4274 cum
479 4217 535 4275 sibi
558 4216 743 4276 intellexisse
766 4217 918 4275 videretur
941 4217 1029 4274 Tabia
1051 4235 1079 4293 p.
1105 4219 1142 4275 78
1160 4235 1205 4292 sq.
1221 4224 1251 4275 et
1268 4219 1337 4289 112,

153 4320 260 4380 eodem
283 4325 383 4378 tamen
408 4337 468 4395 quo
492 4320 661 4395 superiores
685 4319 787 4395 lapsus
810 4327 857 4378 est
879 4337 985 4378 errore.
