2978 4800
281 245 322 304 42

343 435 500 502 20-28.
548 436 771 503 Plutarchus
804 441 840 503 et
872 437 1020 504 Tacitus
1052 437 1143 504 mire
1175 438 1376 504 concinunt
1387 430 1418 521 1)‚

243 554 443 622 Suetonius
483 575 558 622 non
600 556 688 622 item
702 548 740 640 ²²).
797 556 927 642 Neque
968 557 1191 637 Plutarchus
1218 559 1418 643 quicquam

239 674 408 759 praebet,
430 675 531 759 quod
553 694 628 741 non
648 675 862 742 inveniatur
882 676 982 761 apud
997 676 1179 757 Tacitum;
1201 678 1292 763 quin
1309 697 1419 763 quae·

241 795 327 861 dam
369 794 484 861 Taciti
516 794 554 860 in
595 795 760 862 deterius
787 796 937 863 videtur
963 797 1122 864 vertisse
1135 789 1173 882 3).
1230 797 1290 864 Ex
1319 797 1419 864 fonte

239 914 425 981 communi
457 914 562 999 prius
602 914 766 999 perlecto
802 916 969 983 haesisse
1006 915 1163 983 forsitan
1192 936 1310 983 unum
1339 938 1419 984 con·

240 1034 413 1100 cesserim
449 1033 593 1118 plurale
626 1035 717 1101 illud
747 1027 1016 1127 ἀρχιτέκτονας,
1044 1037 1102 1102 cui
1129 1037 1336 1122 respondet
1364 1058 1419 1104 or-

240 1155 416 1220 ctitectos
444 1154 545 1238 apud
577 1152 795 1221 Suetonium
807 1147 848 1239 4).

343 1274 384 1339 P.
419 1272 462 1340 G.
492 1293 521 1339 c.
552 1275 612 1340 25.

284 1494 364 1551 1-7
397 1488 545 1554 Ἐνταῦθα
578 1486 644 1562 τοὺς
673 1486 805 1572 πρώτους
899 1494 913 1552 Ι
937 1495 975 1553 2ῖ
1010 1493 1058 1552 Ibi
1088 1500 1143 1552 tres
1172 1499 1196 1552 et
1226 1493 1336 1568 mpirrti
1360 1513 1420 1570 spe·

240 1593 441 1673 ἕκδεξαμένους
463 1589 552 1656 αὐτὸν
569 1589 618 1656 καὶ
636 1588 804 1674 neocesaria-
855 1596 993 1654 celatores
1025 1595 1237 1654 consalutatum
1265 1596 1420 1672 imperato

238 1720 294 1765 τας
316 1689 525 1775 αὐτοκράτορά
549 1719 623 1776 φασι
640 1691 679 1776 μὴ
692 1696 804 1766 πλείους
855 1717 915 1756 rem
939 1698 1133 1774 copiositate
1155 1696 1352 1756 salutantium
1373 1704 1422 1756 tre-

238 1797 326 1877 τριῶν
358 1793 407 1858 καὶ
440 1793 528 1860 εἴκοσι
550 1799 695 1879 γενέσθαι.
738 1793 804 1874 Διό,
851 1801 957 1876 pidum
981 1806 1006 1859 et
1027 1800 1110 1858 sellae
1135 1799 1310 1874 festinanter
1331 1800 1421 1876 impe

239 1899 341 1978 καίπερ
369 1895 402 1962 oi
425 1894 504 1963 rard
526 1892 574 1981 τὴν
595 1900 647 1964 τοῦ
670 1896 806 1981 σώματος
857 1905 948 1961 sitam
980 1902 1088 1960 strictis
1120 1901 1312 1960 mucronibus
1345 1903 1421 1979 rapi-

238 2002 388 2080 μαλακίαν
418 1998 468 2065 καὶ
493 1998 645 2085 θηλύτητα
668 2003 703 2086 τῇ
726 2004 806 2087 ψυχῇ
856 2005 949 2078 aad).
984 2005 1042 2064 Otr.
1065 2004 1153 2063 etiarn
1176 2003 1191 2061 I
1215 2005 1254 2062 22
1280 2004 1353 2063 Non
1368 2010 1421 2063 crat

342 2359 368 2440 1)
391 2363 481 2421 »Dese
504 2364 575 2421 aber
595 2363 629 2420 P.
651 2363 710 2421 den
733 2363 765 2422 T.
787 2364 906 2439 gelesen
929 2364 1018 2434 hatte,
1041 2362 1166 2420 beireist
1183 2361 1237 2420 das
1252 2362 1325 2422 eine
1342 2361 1410 2421 Wort

238 2458 353 2526 incarn
376 2487 417 2516 =
440 2471 590 2541 semaa»,
620 2464 769 2524 Woelfflin
799 2465 902 2542 Comp.
928 2484 957 2542 p.
988 2468 1037 2525 37.
1086 2465 1189 2524 Cetera
1223 2482 1285 2522 non
1325 2466 1417 2524 minus

239 2567 353 2625 similia.

341 2685 367 2765 2)
391 2687 446 2759 Qui
470 2687 600 2747 alternas
624 2689 745 2764 praebet
767 2687 935 2761 relationes,
957 2705 1082 2763 quarum
1105 2686 1142 2745 de
1165 2688 1333 2762 posteriore
1363 2687 1423 2765 (aiii

236 2789 344 2863 febrem
376 2790 530 2847 simulasse
558 2809 582 2848 e.
608 2810 636 2867 q.
660 2792 696 2865 s.)
719 2797 750 2848 et
773 2789 952 2848 Plutarchus
975 2795 1005 2848 et
1028 2789 1148 2848 Tacitus
1173 2789 1265 2848 silent
1290 2791 1359 2865 (cir.
1383 2798 1422 2852 ta·

239 2909 306 2949 men
330 2891 479 2950 Woelfflin
505 2891 608 2968 Oornp.
632 2911 660 2967 p.
684 2893 745 2968 32),

341 3010 363 3082 ³)
387 3010 444 3069 Cir.
470 3009 619 3069 Woelfflin
643 3010 744 3087 Comp.
767 3031 795 3087 p.
819 3013 859 3071 36
879 3029 922 3087 sq.
937 3011 1224 3069 —Admirationem
1248 3012 1341 3072 habet
1358 3015 1422 3090 plu-

238 3113 298 3171 rale
331 3112 480 3171 Plutarchi
515 3116 673 3194 aeternis,
708 3132 805 3190 neque
838 3114 915 3172 enim
950 3120 1013 3172 erat
1041 3132 1096 3172 cur
1123 3112 1211 3186 Otho,
1233 3132 1304 3173 curn
1329 3121 1423 3175 totam

239 3233 299 3272 rem
324 3215 526 3282 ementiretur,
548 3215 652 3292 plnres
671 3218 796 3291 fingeret
812 3216 990 3275 venditores.
1022 3216 1127 3291 Itaque
1142 3233 1200 3274 non
1216 3217 1423 3292 improbabilis

238 3317 410 3375 coniectura
443 3326 489 3375 est
522 3317 690 3390 Woelfflini,
714 3319 743 3376 id
766 3338 782 3377 e
803 3319 1028 3393 redemptoribus
1060 3317 1152 3376 Taciti
1184 3324 1282 3377 ortum
1315 3321 1422 3379 existi·

241 3419 357 3476 mantis

341 3536 365 3613 4)
389 3536 474 3611 Quod
497 3540 677 3599 Plutarchus
701 3539 804 3614 οἰκίαν,
827 3540 988 3599 Suetonius
1011 3541 1139 3613 demam,
1163 3540 1284 3600 Tacitus
1297 3543 1422 3617 praedia

239 3640 327 3698 habet
356 3659 416 3699 non
451 3643 544 3717 magis
578 3661 665 3719 qnam
700 3643 781 3719 quod
805 3643 983 3701 Plutarchus
1006 3641 1045 3712 εἰς
1066 3636 1182 3725 ἀγοράν
1203 3648 1233 3702 et
1256 3643 1421 3704 Suetonius

238 3743 272 3799 in
293 3743 358 3817 soro
380 3744 471 3802 ullius
493 3745 667 3804 crediderim
690 3763 759 3804 esse
782 3747 933 3804 momenti.

341 3861 365 3937 5)
388 3864 447 3922 on.
471 3864 554 3923 Suet.
578 3864 610 3923 Ο.
635 3868 653 3924 a
682 3861 763 3924 Tunc
784 3864 898 3922 abditas
910 3883 1031 3939 mopere
1045 3864 1179 3922 muliebri
1192 3863 1261 3922 sella
1275 3865 1309 3922 in
1327 3874 1421 3925 castra

238 3965 387 4035 contendit,
409 3983 442 4023 oc
464 3967 659 4041 deficientibus
681 3967 831 4025 lecticariis
852 3985 917 4024 mni
941 3966 1126 4025 descendisset
1141 3985 1316 4043 cursumque
1333 3971 1422 4046 cepis-

238 4073 287 4141 set,
320 4067 414 4126 lacato
447 4070 535 4127 calceo
564 4070 676 4140 restitit,
704 4070 790 4128 donec
818 4070 929 4127 omissa
950 4088 1033 4127 mora
1055 4069 1225 4128 sincollatrrs
1245 4076 1272 4128 et
1293 4089 1312 4128 a
1334 4091 1421 4148 prae·

238 4176 315 4228 sente
347 4171 483 4230 cornitatn
515 4172 672 4246 inperator
703 4173 901 4230 consalutatus
933 4171 1008 4230 inter
1044 4172 1159 4247 faustas
1197 4171 1424 4234 adclamationes

239 4273 406 4348 strictosque
426 4273 537 4348 pladios
559 4274 596 4331 ad
611 4274 760 4349 principia
782 4273 898 4332 devenit.
