2978 4800
266 420 651 512 Κᾶρα-ἢ

266 549 307 615 Ρ.
343 547 385 617 Θ.
415 568 444 614 ο.
475 548 532 614 12.

205 819 286 877 1-2
313 806 374 880 Ἦν
395 812 424 879 δὲ
451 812 563 886 Οὐίνιος
589 813 724 896 ἀργυρίου

156 917 211 1000 μὲν
232 913 363 1000 ἐσχάτως
384 913 433 980 καί
450 917 520 999 παρ’
538 912 664 981 ὁντινοῦν
678 911 724 998 ἦτ-

156 1047 218 1084 των
227 1022 260 1098 ²),

203 1125 285 1183 2-9
330 1121 424 1204 ἔνοχος
455 1121 485 1186 δὲ
507 1117 557 1185 καί
578 1130 639 1192 τοῖς
660 1117 724 1203 περὶ

157 1234 296 1308 γυναῖκας
318 1219 531 1306 ἁμαρτήμασιν.

195 1322 262 1390 Ἔτι
284 1320 338 1408 γάρ
361 1320 401 1389 σίν
423 1328 485 1396 νέος
507 1323 556 1389 καί
572 1350 725 1403 στρατιοο·
818 1327 895 1387 148
933 1328 1038 1386 Pm'ma
1068 1328 1176 1387 mima
1197 1330 1344 1405 msamts:

156 1455 242 1509 μενος
273 1424 329 1492 ὑπὸ
351 1428 503 1510 Καλβισίῳ
532 1428 651 1509 Σαβίνῳ
673 1423 724 1508 τὴν
776 1429 899 1503 ίορολαοι
933 1429 1091 1488 Catm'se'am
1122 1430 1266 1490 Sabinam
1293 1433 1305 1489 t
1333 1468 1344 1478 -

156 1526 273 1613 τροίτην
302 1531 457 1613 στρατείαν
488 1526 652 1593 ἀκόλαστον
678 1519 723 1592 οὗ·
775 1531 882 1603 haeret,
904 1532 1083 1590 amaseam
1104 1533 1184 1592 mata
1206 1535 1344 1610 empidme

155 1657 214 1696 σαν
235 1626 284 1713 τὴν
303 1641 423 1714 γυναῖκα
437 1632 489 1695 τοῦ
504 1627 638 1713 ἡγεμόνος
651 1658 722 1711 παρ·
774 1633 886 1692 aiseade'
907 1634 998 1692 setam
1020 1640 1190 1708 aestrorum,
1201 1655 1258 1712 per
1274 1657 1342 1698 aaa·

154 1729 287 1816 εισήγαγε
320 1727 430 1814 νίκτωρ
464 1734 503 1805 είς
533 1730 567 1797 τὸ
602 1729 722 1815 οτρατό-
775 1742 830 1794 tem
852 1736 977 1795 οιίίίίονί
997 1737 1097 1795 tatem
1117 1737 1257 1813 maressa,
1274 1759 1342 1799 eam

155 1842 241 1899 πεδον
269 1836 298 1899 ἐν
326 1836 428 1918 ἐσθῆτι
459 1837 649 1918 στρατιωτικῇ
673 1832 722 1899 καί
773 1839 888 1913 matteas
919 1844 944 1896 et
971 1845 1059 1897 eetera
1088 1839 1211 1899 militiae
1233 1844 1342 1902 mama

154 1937 317 2020 διέφθειρεν
339 1938 368 2000 ἐν
386 1947 446 2008 τοῖς
462 1934 594 2021 ἀρχείοις,
610 1931 630 2001 οἳ
644 1963 722 2019 amy-
773 1941 870 2000 eadem
892 1940 1009 1999 lasetm'a
1028 1946 1199 2020 temptasset,
1216 1943 1250 2001 νἰι
1266 1945 1343 2020 ipses

153 2038 236 2101 κίκια
258 2041 379 2102 καλοῦσι
399 2033 548 2119 Ῥωμαῖοι.
768 2042 927 2119 prenotatis
948 2048 1085 2118 stupeum
1107 2063 1181 2102 ausa
1203 2051 1261 2104 est:
1285 2052 1341 2106 art·

772 2145 864 2202 me'm's
897 2144 986 2202 haias
1018 2163 1085 2203 reas
1122 2145 1204 2203 Titas
1232 2146 1340 2207 Venias

771 2247 950 2321 arambatar.

195 2341 262 2408 Ἐπί
295 2340 388 2424 τοίτῳ
422 2345 451 2411 δὲ
482 2341 576 2419 Γιίϊος
598 2353 719 2430 Καῖσαρ
813 2348 907 2423 Ιρνλαν
928 2350 1013 2407 e'assa
1040 2350 1098 2408 Gai
1123 2350 1259 2410 Caesaris
1273 2371 1331 2411 me-

152 2446 250 2527 ίόρσεν
284 2443 385 2512 αὐτόν·
419 2449 525 2512 ἐκείνου
552 2447 581 2513 δὲ
605 2446 721 2513 οἱτοθοι-
771 2456 854 2509 ratas
874 2452 989 2525 eatem's,
1006 2470 1075 2509 maa
1093 2453 1255 2512 metatione
1272 2460 1332 2513 tem-

153 2545 252 2620 νόντος
288 2546 403 2634 εὐτυχίᾳ
437 2546 615 2633 χρρσοίμενος
653 2548 719 2615 ατε·
766 2572 876 2628 pamm
898 2553 1040 2612 demessus
1063 2598 1069 2611 .
1093 2600 1129 2612 ..

153 2644 237 2732 λύθη.

198 2755 302 2814 9-14
325 2755 456 2819 Asamum
478 2753 506 2818 δὲ
526 2752 608 2837 παροὶ
621 2761 719 2819 Κλοιο-
813 2759 909 2818 serm'te'
928 2759 1057 2836 deinceps
1066 2761 1173 2835 ρνοονο
1187 2768 1338 2837 respersas

151 2856 203 2934 δίῳ
237 2857 370 2937 Καίσαρι
405 2853 539 2936 ποτήριον
576 2853 719 2939 οίργοροῦν
771 2868 821 2934 est,
845 2868 994 2938 tamquam
1009 2862 1149 2938 seyptmm
1164 2882 1290 2922 ameum
1305 2865 1337 2924 ίκ

151 2952 297 3037 ὑφείλετο·
319 2952 484 3037 πυθόμενος
506 2955 535 3020 δὲ
558 2954 574 3020 ὁ
595 2962 716 3041 Καίσαρ
770 2964 897 3022 οονιοίοίο
916 2964 1033 3023 Ολκαίίί
1052 2965 1180 3039 saratas,
1204 2971 1229 3023 et
1248 2966 1337 3026 Cam·

151 3059 187 3139 τῇ
219 3054 359 3142 ὑστεραίᾳ
380 3052 467 3120 ποίλιν
489 3055 578 3123 αὐτὸν
600 3057 644 3124 ἐπὶ
667 3068 717 3126 δεῖ·
770 3065 838 3124 dites
854 3072 971 3141 postera
992 3066 1037 3125 de'e
1058 3067 1114 3125 salt
1131 3068 1268 3126 οννινιίιιοι
1287 3069 1336 3127 Ve'·

149 3186 221 3224 πνον
236 3157 380 3234 ἐκοίλεοεν,
396 3156 512 3225 ἐλθόντι
527 3160 556 3225 δὲ
573 3163 717 3227 ε’κίλεοσεν
770 3168 820 3226 m‘a
842 3169 978 3243 fiettte'bas
999 3169 1167 3227 attatstram'
1186 3169 1285 3230 tussit.

147 3509 270 3562 austere
303 3513 458 3564 manarent
491 3501 653 3587 οίμῳίβολος
676 3502 715 3570 ὧν
742 3510 772 3567 in
796 3510 881 3569 initio
904 3511 993 3570 huius
1015 3512 1122 3588 eapitis
1146 3513 1281 3588 positum
1305 3523 1337 3576 et

150 3605 243 3664 Taciti
277 3607 290 3664 Ι
326 3610 344 3666 8
378 3626 417 3664 aa
441 3608 583 3684 imperare
613 3610 753 3670 metuisset
773 3611 903 3670 dubiam.
947 3613 1036 3672 Fabia
1059 3633 1086 3690 p.
1110 3616 1148 3673 91
1172 3616 1254 3674 huno
1278 3618 1337 3678 Ta·

148 3708 201 3766 citi
235 3709 331 3767 locum
362 3716 479 3769 tantum
502 3730 571 3770 aum
595 3712 626 3770 P.
650 3713 684 3772 (t.
709 3716 726 3773 6
750 3733 846 3790 neque
869 3734 937 3773 eum
960 3715 992 3774 P.
1015 3715 1050 3775 G.
1076 3717 1114 3775 10
1138 3722 1335 3793 comparavit.

148 3844 191 3854 -
214 3811 256 3870 De
280 3830 306 3870 v.
331 3813 466 3892 28—32,
488 3815 537 3871 ubi
561 3815 721 3889 Verginius
744 3816 892 3895 laudatur,
915 3819 967 3876 afr.
990 3819 1151 3894 Ingressis

253 3928 275 4005 1)
299 3931 395 3990 Etiam
424 3932 492 3989 huia
515 3933 602 4007 capiti
626 3952 643 3990 a
667 3933 767 3993 Tacito
790 3937 863 3994 setis
885 3937 981 3995 alieno
1005 3938 1116 3997 fontem
1140 3957 1335 4003 communem

147 4033 273 4091 subesse
296 4034 404 4092 conicit
426 4034 514 4091 Fabia
538 4053 565 4109 p.
590 4037 637 4094 93.

251 4149 275 4228 ²)
299 4152 356 4211 Otr.
380 4153 461 4211 Suet.
487 4153 522 4213 G.
548 4157 586 4213 14
613 4156 640 4213 T.
671 4156 775 4214 Ve'atas
798 4203 803 4214 .
827 4203 833 4215 .
859 4202 864 4214 .
887 4159 1052 4233 mepe'de'tate's
1074 4160 1242 4220 e'amteasae.
