2978 4800
1241 241 1295 290 VII

150 415 451 501 61113,,6611ρ111111
480 422 536 484 est
555 410 593 502 1).
635 418 798 485 Primam
828 423 951 486 autem
971 419 1130 486 triadem
1158 420 1339 489 Historia-

152 555 236 601 rum
273 534 344 602 sub
383 555 520 602 annum
561 538 633 604 105
668 537 805 604 editam
835 558 917 605 esse
946 543 982 605 et
1010 539 1201 606 Woelfflin
1222 533 1248 623 ²)
1278 542 1338 608 de-

150 658 338 722 monstrat
370 675 492 741 neque
525 656 642 723 Fabia
672 657 817 738 abnuit;
847 659 944 725 vitas
972 658 1178 726 Parallelas
1208 680 1336 729 omnes

149 775 249 841 circa
279 794 418 841 annum
455 777 526 843 115
555 778 781 861 compositas
809 778 948 865 cogitat
977 777 1101 845 Christ
1120 771 1159 863 3).
1203 780 1336 865 Itaque

150 893 253 960 vitae
291 892 433 961 Galbae
470 900 507 961 et
543 895 715 975 Othonis,
745 897 776 963 si
811 899 972 963 maxime
1010 903 1096 965 ante
1129 898 1335 967 Parallelas

149 1017 331 1080 exaratae
361 1015 443 1093 sint,
471 1019 595 1081 tamen
624 1022 710 1100 post
739 1016 854 1083 Taciti
883 1017 1069 1084 Historias
1099 1019 1188 1085 oriri
1207 1023 1335 1103 potue-

151 1139 250 1199 runt.
308 1133 450 1210 Quodsi
478 1134 591 1201 modo
622 1154 689 1219 per
713 1145 923 1221 temporum
943 1137 1112 1204 ordinem
1133 1138 1334 1206 Plutarcho

148 1252 285 1319 licebat
300 1252 467 1320 Tacitum
485 1255 674 1334 adhibere,
688 1255 728 1321 id
742 1275 817 1322 non
833 1255 964 1323 iecisse
980 1276 1064 1323 eum
1079 1257 1191 1342 plane
1208 1277 1332 1326 avero

149 1372 337 1439 abhorret.
380 1373 473 1439 Nam
503 1379 539 1441 et
566 1375 746 1441 orationis
775 1395 912 1462 genere
943 1377 1109 1443 Tacitum
1130 1377 1331 1446 Plutarcho

147 1491 296 1576 plaeere
324 1511 394 1576 par
413 1498 512 1573 erat;
539 1499 685 1561 constat
704 1495 810 1574 enim,
829 1499 871 1561 ut
891 1496 1050 1583 quisque
1071 1501 1169 1563 esset
1184 1496 1331 1564 dicendi

147 1610 296 1690 antifer,
309 1613 361 1678 ita
372 1613 606 1698 potissimum
623 1614 658 1679 in
676 1615 831 1681 historia
847 1615 977 1682 ducem
994 1634 1076 1682 esse
1089 1616 1272 1683 delectum
1284 1610 1329 1701 4);

251 1814 276 1889 1)
300 1813 384 1886 Quod
416 1815 496 1890 apud
531 1813 667 1872 Tacitum
702 1813 778 1873 Otho
809 1816 937 1874 moriens
960 1817 1060 1874 fratris
1083 1815 1144 1874 filio
1168 1817 1240 1875 dicit
1263 1819 1331 1894 (neu

140 1921 287 1992 patruum
309 1916 367 1974 stet
392 1916 532 1975 Othonem
553 1916 646 1992 fuisse
667 1922 718 1975 cut
740 1917 948 1976 oblivisceretur
969 1936 1112 1993 umquem
1134 1923 1185 1976 out
1200 1919 1330 1976 nimium

143 2018 327 2077 meminisset
342 2018 372 2077 II
387 2018 441 2097 48)
463 2026 511 2078 est
534 2019 706 2078 vaticinium
730 2020 809 2096 quod
834 2026 957 2078 vocatur
978 2038 1016 2078 ex
1038 2026 1162 2079 eventu:
1180 2021 1232 2079 cfr.
1248 2021 1329 2080 Suet.

146 2120 231 2180 Dom.
257 2122 295 2179 10
318 2121 462 2180 interemit
485 2167 491 2180 .
516 2168 522 2180 .
546 2167 552 2180 .
580 2122 711 2180 Saleium
738 2122 932 2195 Cocceianum,
955 2123 1031 2198 quod
1058 2122 1180 2181 Ortona
1203 2123 1329 2199 impero·

145 2223 219 2281 tom'a
235 2224 339 2299 putrui
359 2224 410 2282 aui
430 2224 506 2282 dmm
528 2224 654 2282 natalem
677 2225 867 2284 celebraverat.
899 2225 996 2284 Verba
1019 2224 1112 2284 Taciti
1132 2244 1149 2283 a
1169 2224 1328 2285 Plutarcho

143 2325 274 2384 fideliter
304 2343 455 2402 expressa,
488 2327 518 2384 id
548 2327 629 2403 quod
659 2328 695 2385 ab
724 2327 897 2404 aequalibus
920 2327 1004 2386 facile
1030 2327 1267 2403 intellegebatur,
1292 2329 1329 2387 ed

143 2428 226 2486 necis
250 2446 370 2487 oausam
395 2430 575 2505 spectabant.
609 2429 687 2488 Cave
710 2434 797 2505 putes
821 2427 967 2488 Othonem
991 2430 1090 2505 ipsum
1107 2431 1180 2488 haec
1195 2430 1329 2489 locutum

143 2530 239 2604 magis
263 2549 361 2607 quam,
384 2536 418 2590 ut
440 2531 610 2607 exemplum
639 2532 779 2604 adieram,
803 2531 964 2589 clausulam
989 2532 1055 2590 eius
1078 2532 1229 2606 orationis,
1254 2552 1330 2608 quae

141 2631 175 2689 in
193 2634 263 2707 Agr.
286 2634 327 2692 30
352 2651 417 2710 sqq.
440 2634 578 2710 exposita
599 2639 654 2708 est,
678 2633 778 2708 ipsum
803 2632 962 2707 Calgacum
979 2634 1190 2692 conformasse.
1225 2635 1329 2694 Merito

142 2734 200 2793 hoc
222 2735 362 2794 Nissenio
386 2754 413 2812 p.
438 2738 500 2796 544
523 2754 568 2812 sq.
592 2734 768 2811 scrupulum
791 2735 907 2810 iniecit3
931 2740 961 2793 at
985 2734 1083 2810 Groag
1101 2755 1128 2812 p.
1147 2738 1204 2795 761
1225 2738 1327 2796 611112

140 2836 207 2912 (cfr.
229 2837 317 2896 Fabia
340 2857 368 2914 p.
394 2840 452 2898 191
477 2839 542 2896 adn.
561 2840 576 2897 1
593 2845 623 2897 et
642 2856 671 2914 p.
688 2839 747 2896 207
765 2836 822 2914 sq.)
837 2838 918 2896 aliud
935 2836 1081 2896 Othonem
1098 2838 1195 2897 dicere
1211 2839 1262 2897 vix
1276 2858 1328 2914 po·

141 2939 240 2999 tuisse
262 2946 422 3001 asseverat.

246 3042 270 3119 2)
294 3043 353 3102 Oir.
377 3042 536 3118 Woelfflin,
560 3043 692 3116 Hermes,
714 3061 740 3101 a.
767 3044 857 3118 1886,
880 3061 908 3118 p.
934 3044 992 3103 151
1017 3061 1089 3119 sqq,
1110 3043 1213 3119 Oomp.
1233 3063 1261 3120 p.
1280 3046 1328 3116 52,

143 3144 218 3203 Plin.
241 3164 269 3221 p.
294 3146 355 3204 349
379 3163 438 3222 sq.;
463 3145 551 3204 Fabia
573 3164 601 3221 p.
625 3148 642 3204 5
666 3146 734 3204 adn.
759 3147 787 3204 5.

246 3247 269 3320 ³)
292 3248 325 3307 L.
347 3248 366 3307 l.
390 3266 417 3324 p.
442 3249 516 3308 652:
541 3247 861 3306 »wahrsoheinlieh...
885 3247 956 3306 dass
979 3266 1011 3306 er
1027 3247 1182 3306 samtliche
1198 3248 1326 3306 Lebens-

142 3350 398 3425 beschreibungen
430 3369 480 3409 um
509 3349 640 3409 dieselbe
663 3349 736 3422 Zeit,
759 3351 820 3407 und
843 3368 924 3408 zwar
946 3350 1002 3409 alle
1025 3355 1115 3408 uhter
1137 3348 1241 3426 Trajan
1262 3349 1326 3426 (das

142 3450 242 3511 Leben
272 3431 325 3511 des
359 3453 441 3512 Sulla
474 3453 514 3512 ist
543 3453 620 3512 nach
651 3471 675 3511 c.
705 3454 743 3510 21
767 3452 962 3527 geschrieben
989 3452 1007 3510 i.
1030 3453 1056 3511 1.
1082 3452 1154 3529 115)
1177 3452 1327 3527 gesehrie·

142 3555 197 3613 ben
221 3555 296 3614 hat».

245 3655 268 3733 4)
292 3657 350 3716 Ofr.
374 3659 407 3715 A.
431 3677 457 3714 v.
480 3656 695 3716 Outsohmid
710 3659 741 3715 in
763 3659 894 3716 oratione
916 3657 1027 3714 aditiali
1044 3653 1161 3735 (Kleine
1179 3656 1326 3716 Schriften

142 3758 207 3836 Ip.
233 3761 301 3837 16):
333 3759 438 3820 »Sonst
470 3760 520 3819 hat
550 3760 698 3831 meistens
718 3759 770 3819 der
793 3760 848 3819 Stil
872 3759 949 3818 auch
972 3760 1044 3817 tiber
1067 3759 1113 3817 die
1138 3758 1326 3834 Wiirdigung

139 3863 223 3921 eines
247 3861 352 3922 Werks
384 3862 429 3920 als
458 3860 735 3938 Oeschiehtsquelle
758 3861 967 3920 entechieden:
992 3861 1175 3919 namentlich
1197 3862 1243 3919 bei
1268 3861 1326 3919 sol-

139 3965 217 4023 ohen
248 3964 490 4035 Schriftstellerm
524 3965 571 4022 die
605 3964 680 4022 noch
709 3964 819 4023 andere
852 3964 896 4022 als
929 3964 991 4021 rein
1023 3963 1327 4039 historiographische

140 4066 267 4126 Zwecke
300 4066 464 4142 verfolgen,
498 4066 575 4124 wird
608 4085 676 4123 man
703 4066 781 4124 bein]
805 4065 979 4124 Aulsuehen
1002 4066 1082 4124 ihrer
1105 4064 1229 4138 Ouellen
1252 4070 1324 4139 gute

140 4168 278 4228 Stilisten
309 4169 415 4227 immer
446 4169 478 4227 in
504 4174 600 4227 erster
621 4167 705 4226 Linie
727 4168 774 4226 ins
798 4171 883 4242 Auge
908 4186 945 4225 zu
969 4168 1068 4226 iassen
1092 4167 1212 4225 haben».
1256 4164 1325 4225 Non

141 4278 221 4332 recte
243 4273 331 4332 Fabia
354 4292 382 4349 p.
408 4275 468 4333 128
492 4274 557 4332 adn.
582 4276 608 4347 2,
633 4274 737 4333 Revue
760 4276 797 4334 de
820 4276 989 4351 philologia,
1012 4297 1037 4335 a.
1062 4278 1151 4348 1895,
1176 4296 1204 4352 p.
1230 4280 1277 4337 10.
