2978 4800
197 239 236 296 58

256 431 296 496 P.
333 427 374 496 G.
405 448 434 495 o.
465 430 529 495 28.

197 599 278 655 1--6
312 587 410 665 Εὐθύς
432 591 462 658 δὲ
483 588 569 677 βουλὴ
601 617 717 656 συνεκα·

151 703 236 760 λεῖτο.
279 690 343 761 Καὶ
374 691 515 778 καθάπερ
543 689 625 758 ἄλλοι
642 719 717 775 γεγο-

151 823 234 869 νοτες
256 791 273 879 ἢ
295 797 376 861 θεῶν
398 792 494 860 ἄλλων
516 791 671 877 γεγονότων

195 904 385 970 συνελθοντες
408 894 519 978 α’ίμνυον
540 892 625 978 ὅρκον
647 892 717 978 baio

150 1001 203 1064 τοό
220 996 361 1075 Ὄθωνος,
376 995 408 1064 ὃν
424 995 513 1070 αὐτὸς
536 995 650 1078 ὀμόσας
665 995 716 1061 οὐκ

151 1099 283 1185 ε’τόρησε·
321 1097 368 1164 καί
405 1102 548 1181 Καίσαρα
582 1097 631 1164 καὶ
663 1108 717 1165 Σε·

151 1198 259 1288 βαστόν
282 1197 451 1286 ἀνηγόρευον

193 1306 233 1369 ἔτι
266 1305 325 1370 τῶν
357 1305 465 1386 νεκρῶν
498 1299 656 1385 ἀκεφάλων
689 1305 718 1367 ἕν

150 1418 215 1479 ταῖς
236 1403 390 1478 ὑπατικαῖς
411 1408 530 1488 ἐσθῆσιν
545 1407 717 1490 ἐρριμμένων

150 1507 193 1572 iul
216 1510 266 1590 τῆς
290 1506 410 1590 ἀγορᾶς.

195 1615 297 1672 6--16
335 1617 407 1680 Ταῖς
440 1609 469 1673 δὲ
503 1617 644 1693 κεφαλαῖς
677 1607 717 1682 ὠς

150 1710 231 1776 οὐδὲν
264 1713 338 1793 είχον
368 1712 408 1775 ἔτι
435 1714 573 1795 χρῆσθαι,
594 1711 645 1794 τὴν
666 1711 717 1793 μὲν

154 1812 268 1878 Οὐινίου
298 1816 333 1895 τῇ
357 1819 482 1897 θυγατρὶ
505 1817 646 1897 δισχιλίων
668 1813 716 1879 καὶ

149 1917 346 1980 πεντακοσίων
389 1918 524 1999 δραχμῶν
564 1915 716 1993 ἀπέδοντο,

151 2015 202 2100 τὴν
235 2017 264 2082 δὲ
296 2020 447 2090 ’Πείσωνος
477 2016 494 2101 ἡ
521 2015 589 2102 γυνίγ
617 2019 716 2103 ἔλαβεν

154 2119 299 2200 Οὐερανία
322 2129 468 2204 δειγθεῑσα,

193 2219 244 2305 τὴν
266 2223 295 2286 δὲ
318 2230 350 2288 Γ
348 2220 425 2307 οίλβα
440 2236 500 2296 τοῖς
516 2226 684 2308 Πατροβίου
695 2227 715 2301 1)

151 2321 264 2397 δούλοις
286 2322 479 2409 ἐδωρήσαντο.
510 2323 665 2412 Λαβόντες
686 2326 716 2390 δὲ

150 2429 248 2490 ε’κεῐνοι
271 2424 320 2490 καί
347 2424 447 2492 πάντα
469 2425 580 2511 τρόπον
602 2426 716 2493 αἰκισυί·

150 2553 228 2608 μενοι
256 2526 304 2591 καὶ
328 2532 560 2612 καθυβρίσαντες
592 2531 716 2613 ἔρριψαν

150 2621 168 2711 ᾗ
189 2626 257 2702 τούς
279 2625 334 2695 ὑπό
346 2633 405 2694 τῶν
419 2629 584 2715 Καισάρων
599 2636 692 2709 κολαζ
706 2674 716 2684 -

149 2734 250 2814 με’νους
285 2735 479 2798 θανατοῦσιν·
516 2731 531 2798 ό
564 2733 594 2799 δὲ
624 2732 716 2807 τόπος

149 2831 317 2914 Σεσσσίριον
339 2841 479 2902 καλεῖται.
512 2834 553 2903 Tb
576 2837 605 2903 bi
629 2840 715 2919 σῶμα

149 2937 201 3000 τοῦ
224 2943 256 2999 Γ
253 2933 333 3020 σίλβα
349 2940 479 3019 Πρίσκος
492 2935 628 3025 Ἑλβίδιος
644 2939 715 3005 οἷν-εί-

149 3045 215 3102 λετο
247 3040 299 3102 τοῦ
328 3034 461 3113 Ὄθωνος
494 3044 715 3126 ἐπιτρέψαντος·

150 3140 250 3220 ἔθαψε
283 3139 312 3203 δὲ
346 3138 447 3214 νυκτὸς
477 3142 611 3228 Ἀργεῖος
649 3143 715 3210 οἱπε-

149 3237 328 3319 belsebub).

150 3663 154 3669 -
157 3664 354 3672 ——-.-

811 597 826 654 1
849 600 887 656 47
911 603 989 656 oooal
1009 604 1142 656 senatum
1155 601 1272 672 yuaotor
1285 614 1332 652 ur-

769 699 870 758 banus.
915 700 991 758 145
1015 700 1117 758 Alium
1139 699 1265 757 crederes
1293 717 1332 755 se-

768 807 881 873 natum,
905 801 997 860 aliam
1017 801 1169 877 popellum.

812 904 887 962 147
910 904 1069 962 adiuuant
1090 908 1211 978 patres:
1246 901 1332 960 decer·

769 1007 851 1064 nitur
888 1005 995 1064 Othoni
1021 1004 1177 1063 tribuaioia
1206 1009 1333 1079 potestas

768 1114 793 1166 el
815 1126 920 1166 ιιουιειι
936 1107 1062 1183 Αυγυείί
1083 1112 1108 1166 el
1129 1125 1232 1164 omnes
1250 1106 1331 1181 prio-

768 1210 866 1285 tipum-
888 1210 1015 1268 honores.

812 1312 825 1368 Ι
858 1314 897 1370 47
932 1316 1047 1369 cruento
1077 1310 1172 1368 ablue
1199 1311 1267 1385 soro
1284 1327 1331 1385 γα·

767 1420 891 1489 εινογωιι
913 1413 1077 1472 labentium.
1311 1419 1313 1423 ’

811 1620 824 1677 Ι
847 1621 887 1677 47
911 1619 1050 1678 Pisonem
1071 1617 1198 1675 Verania
1216 1636 1293 1676 uror
1305 1635 1330 1674 οι

767 1723 858 1797 frater
893 1721 1110 1791 Scribonianus,
1150 1719 1251 1777 Pilum
1290 1719 1329 1776 Vi·

768 1824 853 1881 nium
891 1823 1027 1899 Crispina
1053 1819 1119 1897 fila
1141 1839 1328 1897 οουιγιοευωι,

769 1925 907 2000 ρυοοείίίε
943 1923 1152 2000 redemptisque
1184 1923 1328 1999 capitibus,

768 2048 840 2104 quoe
862 2028 973 2087 uenalia
994 2027 1189 2101 intufeelores
1213 2045 1328 2086 seruau-

767 2137 842 2191 rant.

810 2234 887 2291 149
926 2232 1030 2290 Galbae
1056 2249 1161 2306 eorpus
1184 2231 1246 2290 diu
1274 2249 1321 2306 κιγ

768 2339 870 2397 leolum
885 2343 910 2394 ot
925 2336 1038 2394 lieentia
1062 2335 1254 2394 tuubraruru
1273 2334 1319 2412 γλυ·

767 2440 854 2498 rimis
887 2438 1020 2496 ludibriis
1052 2442 1186 2494 nuatum
1224 2439 1324 2514 displo-

768 2547 846 2599 sator
878 2540 986 2614 Ανγυίιε
1008 2539 1230 2614 ομυίυιονίδυε
1253 2538 1331 2600 seruit

767 2642 875 2700 lireroili
900 2641 1047 2716 sepultura
1069 2641 1102 2697 iu
1120 2641 1257 2715 privatis
1278 2641 1332 2700 eiu

768 2746 859 2804 bortis
890 2743 1018 2802 conterit.
1059 2742 1151 2817 Capul
1179 2763 1243 2819 per
1265 2745 1334 2803 lau

767 2849 930 2922 calonesque
952 2845 1099 2920 σοαβυυυι
1121 2844 1334 2922 λιιοενοίανκρικ

767 2956 832 3008 ante
864 2948 995 3007 Patrobii
1026 2947 1174 3005 tumulum
1200 2949 1335 3021 (libertus

766 3054 794 3110 is
815 3052 941 3110 Neronis
965 3050 1127 3124 punitusa
1155 3048 1252 3108 Galba
1272 3050 1332 3125 sue·

767 3152 823 3226 rat)
845 3159 961 3230 postera
983 3153 1099 3210 dentum
1121 3151 1167 3209 die
1187 3158 1333 3227 repertum

767 3264 791 3316 et
813 3261 934 3314 oremalo
956 3255 1016 3312 iam
1039 3253 1153 3329 οουροιί
1166 3253 1333 3312 adnotatum

767 3366 815 3418 est.
849 3359 907 3416 Clo.
930 3357 1007 3415 147
1033 3355 1105 3415 Olbo
1128 3401 1134 3413 .
1158 3401 1164 3413 .
1191 3403 1197 3414 .
1222 3355 1334 3414 aneoli

765 3480 884 3537 σουμονα
898 3460 1060 3535 εεμυλίυιυι
1075 3459 1256 3534 comitatique
1267 3477 1331 3534 μου·

765 3565 855 3621 ιιιίείί.

253 3734 277 3808 ¹)
302 3736 345 3793 lle
367 3732 415 3797 nai
442 3732 607 3801 Οὐϊτελλίου
630 3760 647 3798 a
669 3760 716 3800 me
739 3741 836 3800 deleto
859 3741 909 3797 olo.
933 3737 1045 3810 Hardy.

252 3854 274 3924 ²)
297 3854 355 3912 Otr.
379 3855 457 3915 Suet.
482 3856 516 3915 G.
540 3861 578 3917 20
603 3860 645 3917 Ab
667 3860 707 3917 iis
730 3859 862 3918 Patrobii
887 3857 1050 3916 Neroniani
1076 3856 1196 3914 libertus
1218 3864 1331 3916 eentum

149 3956 246 4013 aureis
278 3957 456 4032 redemptura
488 3978 518 4016 eo
549 3961 616 4031 loeo,
647 3962 699 4019 ubi
726 3963 812 4020 iussu
839 3961 944 4019 Galbae
966 3960 1205 4018 animaduersum·
1227 3962 1261 4019 in
1279 3980 1333 4036 μσ-

150 4064 264 4116 tronum
297 4078 384 4117 ειιυιιι
419 4062 525 4135 fuerat,
556 4064 662 4122 abiecit.
710 4064 779 4122 Sero
813 4064 925 4121 landent
955 4063 1135 4138 dispensator
1156 4064 1288 4138 Aryiues
1309 4069 1332 4122 el

149 4161 199 4219 boo
230 4168 255 4219 et
287 4168 408 4220 ceterum
432 4169 567 4221 truncumv
589 4166 621 4224 in
646 4166 773 4241 priuatis
794 4167 857 4223 eius
878 4166 970 4223 bortis
992 4165 1111 4224 Aurelia
1132 4164 1180 4223 υίο
1202 4167 1331 4242 sepullu-

148 4283 196 4321 καθ
218 4265 301 4322 (ledii.
