2978 4800
1221 260 1260 306 XI

120 437 288 521 aliosque
327 435 408 502 aliis
444 436 562 504 luisse
599 436 856 523 diligentiores
899 442 936 504 et
968 437 1301 522 circumspectioris

118 555 254 622 iudicii.
307 555 470 623 Proinde
499 556 600 641 quod
629 556 776 622 Livium
804 556 1029 624 rhetoricum
1057 557 1096 622 in
1121 557 1302 625 immensa

120 676 245 760 operis
273 676 532 762 magnitudine
567 675 721 742 annales
741 676 976 760 superiorum
996 676 1181 742 interdum
1201 695 1304 761 pres-

119 796 196 862 sius
226 814 347 879 aequo
376 801 542 862 secutum
572 813 654 862 esse
682 800 838 874 constat,
868 815 915 862 ne
940 796 1117 863 continuo
1135 796 1234 863 idem
1254 797 1302 863 ad

119 915 286 981 Tacitum
319 916 569 982 transferatur
590 908 625 997 1).
683 914 780 991 Quid
810 916 953 982 multa?
1008 916 1128 982 Locus
1156 919 1301 983 tantum

120 1035 362 1120 attingendus
388 1035 466 1114 fuit,
486 1035 575 1119 quia
595 1035 823 1101 istiusmodi
843 1036 1059 1120 opinionum
1081 1038 1300 1114 commenta,

119 1155 293 1240 quamvis
334 1154 443 1220 claris
485 1154 701 1221 auctoribus
743 1155 790 1222 ad
828 1167 974 1240 tempus
1012 1155 1185 1234 subnixa,
1221 1155 1301 1222 dies

118 1275 202 1359 ipsa
229 1272 333 1339 nulla
366 1279 495 1341 nostra
523 1292 639 1359 opera
667 1273 835 1358 proiecto
863 1274 1012 1341 delebit.
1068 1274 1300 1361 Integros

121 1392 353 1459 accedere
390 1394 565 1472 fontes
595 1397 636 1459 ut
664 1393 824 1460 Lucretii
853 1394 979 1462 verbis
1007 1400 1103 1473 utar,
1133 1398 1170 1460 et
1195 1412 1302 1479 opor-

122 1513 193 1578 tuit
220 1517 256 1578 et
284 1513 378 1579 iuvit
406 1513 590 1594 Tacitum3
620 1512 706 1579 hinc
738 1533 996 1600 quaecumque
1024 1515 1190 1581 seiuncta
1219 1515 1299 1592 erit,

117 1631 288 1699 funditus
316 1633 404 1699 reici
433 1633 545 1700 debet
573 1633 710 1718 opinio.

223 1751 324 1817 Inter
366 1751 460 1818 duas
503 1756 626 1819 autem
668 1752 749 1818 illas
793 1753 997 1819 sententias
1022 1753 1221 1837 ·quaedam
1249 1753 1301 1817 in·

119 1871 271 1938 teriecta
308 1877 364 1938 est
398 1872 520 1938 media
550 1873 657 1952 ratic,
685 1892 800 1964 quam
831 1873 1065 1967 amplexatus
1094 1876 1150 1938 est
1177 1891 1301 1939 recen-

120 1991 284 2057 tissimus
326 1993 502 2077 quisqam
545 1993 685 2058 fontem
722 2011 965 2070 communem,
1003 1996 1154 2076 praeter
1189 2011 1298 2077 quem

118 2110 261 2176 nullum
282 2111 400 2177 ferme
419 2111 643 2178 Plutarchus
663 2112 880 2196 inspexerit,
902 2132 977 2178 non
997 2131 1112 2178 unum
1133 2131 1154 2178 a
1174 2112 1301 2178 Tacito

119 2250 202 2297 esse
223 2231 442 2311 adhibitum,
464 2232 531 2298 sed
552 2232 692 2317 pariter
711 2251 793 2298 cum
816 2233 906 2300 aliis.
937 2223 1300 2318 Groagiu1n‘2ln0va

117 2351 211 2417 haec
238 2353 423 2418 sententia
452 2356 641 2419 auctorem
669 2352 805 2446 hahet,¹
822 2352 1104 2437 astipulatorem
1126 2351 1299 2418 Schanzi·

119 2490 182 2536 um
200 2464 238 2552 31.
306 2471 442 2537 Verum
490 2471 683 2557 aliquanto
723 2473 843 2539 maior
888 2477 944 2538 est
985 2471 1174 2539 Plutarchi
1215 2491 1297 2537 cum

119 2590 246 2657 Tacito
274 2592 536 2658 convenientia
565 2595 601 2658 et
629 2592 850 2671 coniunctio,
872 2611 984 2676 quam
1005 2597 1046 2659 ut
1065 2594 1165 2657 stare
1185 2597 1299 2676 queat

119 2711 266 2776 illorum
307 2711 445 2796 opinio.
502 2712 558 2778 De
598 2712 669 2778 hac
705 2731 745 2777 re
783 2712 962 2777 universa
1003 2710 1187 2795 disputari
1224 2729 1299 2776 non

119 2849 242 2915 posse,
286 2831 334 2897 ad
374 2832 543 2918 singulos
584 2832 686 2898 locos
726 2831 978 2898 revocandam
1014 2849 1095 2896 esse
1129 2833 1298 2915 apparet.

120 2950 199 3016 Iam
239 2951 278 3016 in
319 2951 418 3029 locis,
446 2952 510 3035 qui
542 2958 584 3018 ut
619 2952 670 3017 ita
704 2951 824 3017 dicam
854 2970 960 3017 suam
987 2970 1080 3035 prae
1108 2968 1148 3016 se
1176 2951 1301 3017 ierunt

119 3070 442 3149 necessitudinem,
460 3071 557 3137 hanc
575 3071 796 3156 plerumque
817 3090 899 3137 esse
913 3075 1184 3156 pernegantem
1199 3090 1301 3156 repe·

119 3191 258 3256 riemus
287 3189 513 3277 Groagium;
544 3210 702 3276 cumque
730 3191 844 3257 obvia
870 3191 917 3257 sit
937 3191 1158 3275 scriptorum
1179 3190 1302 3255 simili-

120 3309 211 3376 tudo
247 3329 370 3394 neque
407 3310 482 3377 ulla
515 3311 667 3376 minima
694 3311 958 3397 repugnantia,
988 3315 1030 3376 ut
1059 3310 1149 3376 alios
1177 3310 1300 3376 tontes

120 3428 276 3496 subesse
314 3429 490 3508 obtineat,
526 3431 671 3516 cogitur
706 3430 802 3496 idem
833 3429 892 3496 ille
930 3430 1050 3496 nihilo*
1079 3431 1201 3497 miuus
1229 3429 1301 3495 dis-

224 3714 246 3789 1)
269 3716 328 3775 Cir.
352 3715 533 3775 Diechmann
557 3735 585 3791 p.
610 3718 637 3788 9,
661 3714 760 3791 Groag
782 3735 810 3792 p.
835 3719 894 3775 765
915 3717 981 3773 adn.
997 3717 1025 3788 3,
1045 3715 1170 3789 Schanz,
1193 3714 1298 3774 (iesch.

119 3820 147 3877 d.
177 3824 250 3877 rom.
281 3817 350 3876 Litt.
373 3818 402 3876 II
427 3820 460 3896 22
484 3836 511 3894 p.
536 3820 606 3877 237.
653 3818 751 3876 Minus
783 3823 864 3876 recte
893 3818 980 3876 Fabia
1003 3836 1031 3894 p.
1057 3819 1095 3876 10
1117 3824 1147 3876 et
1173 3820 1231 3878 116
1256 3836 1301 3895 sq.

224 3936 248 4012 ²)
272 3937 330 3996 Cir.
360 3956 388 4013 p.
414 3941 483 4010 765,
508 3940 577 4011 735,
600 3938 678 3996 alibi.
722 3937 789 3996 Non
822 3938 1006 3996 dissimiliter
1034 3939 1090 3995 iarn
1118 3937 1301 3996 Diechmann

120 4043 160 4116 (p.
186 4041 217 4099 9:
240 4041 313 4098 »luit
334 4041 527 4099 secundarius
553 4039 655 4098 Tacito
684 4041 762 4118 icus,
789 4058 877 4116 quem
904 4041 1095 4116 praecipuum
1122 4039 1301 4098 Plutarchus

120 4142 297 4219 habuemh),
320 4143 366 4202 cui
391 4143 544 4218 rescripsit
566 4142 668 4216 Lange
691 4162 718 4218 p.
746 4144 792 4200 13.

223 4260 247 4337 3)
271 4262 303 4319 n.
326 4261 344 4319 l.
367 4279 395 4337 p.
422 4263 492 4320 240.
