2978 4800
203 244 242 302 20

261 433 304 500 V.
320 434 417 499 1—2
435 433 571 500 efonte
586 434 771 500 communi
785 433 987 500 fluxerunt.
1014 433 1227 502 Cohaerent
1242 435 1341 501 enim

158 574 240 621 cum
269 574 304 620 v.
338 554 501 632 11—-12,
529 543 621 621 ider
650 592 699 599 —
728 545 913 633 (liddam
953 558 990 620 et
1021 554 1068 620 de
1100 554 1158 620 his
1187 556 1341 640 quidem

159 675 270 741 etiam
298 673 432 739 Lezius
460 692 494 758 p.
522 672 586 739 26:
621 673 713 739 »hoc
739 691 863 757 neque
891 673 1039 740 Tacitus
1067 680 1340 753 commemorat,

159 812 282 878 neque
310 793 407 859 ullus
437 796 565 858 auctor
593 793 807 879 excogitare
834 792 987 877 potuit».
1031 793 1180 861 Tacitus
1202 799 1338 874 autem,

158 931 387 998 quamquam
424 931 499 978 non
538 916 666 996 aperte
703 911 791 978 dicit
826 911 982 978 Galbam
1014 912 1093 979 fine
1122 915 1211 980 anni
1240 915 1290 982 68
1320 935 1340 982 a

158 1033 267 1099 Vinio
296 1032 437 1099 aditum
466 1051 559 1110 esse,
589 1032 627 1098 id
656 1036 779 1099 tamen
808 1032 962 1098 denotat
989 1032 1007 1098 I
1038 1033 1095 1097 12.

260 1153 303 1218 V.
333 1153 431 1217 2-5
462 1155 498 1217 et
524 1151 626 1218 5-8
655 1170 674 1216 e
703 1151 829 1217 Tacito
848 1151 1015 1236 pendere
1037 1153 1115 1218 veri
1135 1152 1256 1218 simile
1276 1158 1339 1220 est

159 1272 240 1340 Hoc
277 1271 374 1338 enim
412 1271 524 1337 alium
566 1275 754 1337 auctorem
795 1270 988 1354 scripsisse
1030 1275 1185 1356 propter
1228 1274 1339 1340 eredo

158 1392 274 1458 Taciti
310 1390 462 1458 difficile
500 1394 556 1457 est
592 1389 758 1476 cogitare
773 1381 816 1474 1);
852 1394 888 1456 et
920 1389 1012 1456 illud
1041 1391 1142 1475 apud
1171 1391 1339 1460 Tacitum

156 1512 194 1577 in
223 1511 426 1577 earundem
462 1514 518 1576 est
549 1498 674 1576 rerum
701 1512 888 1575 contextu.
944 1508 1037 1575 Nam
1065 1509 1167 1594 quod
1196 1511 1341 1580 Plutar-

157 1631 248 1696 chus
277 1630 411 1696 certior
439 1633 494 1695 est
522 1629 648 1695 Tacito
669 1632 705 1694 et
723 1626 974 1694 condicionem
1003 1629 1117 1707 addit,
1138 1630 1177 1695 in
1198 1650 1244 1698 eo
1265 1653 1340 1701 non

160 1751 268 1817 nimis
298 1755 354 1816 est
380 1749 623 1815 haerendum.
681 1746 755 1814 Gir.
786 1747 986 1814 Praefatio.

259 1869 398 1936 8--11.
456 1861 567 1934 Haec'
594 1887 670 1934 non
703 1886 750 1932 ex
785 1865 911 1932 Tacito
947 1866 1083 1933 hausta
1112 1844 1341 1936 assemani·

154 1989 291 2056 festum
319 1993 386 2055 est.

260 2109 423 2174 11-12.
480 2106 555 2174 Gfr.
586 2107 632 2172 ad
662 2126 697 2172 v.
730 2107 840 2171 1-—2.

261 2229 424 2294 13—14.
480 2226 592 2304 Haec,
611 2245 708 2312 quae
728 2229 897 2292 vertente
918 2245 1016 2292 anno
1033 2226 1082 2293 68
1097 2225 1196 2294 fiunt
1205 2221 1243 2310 ²),
1264 2251 1338 2299 non

155 2367 175 2414 e
203 2348 330 2415 Tacito
356 2347 513 2413 fluxisse
542 2350 696 2413 constat.

257 2467 299 2532 V.
324 2466 469 2533 14-16
498 2486 518 2532 a
546 2465 714 2551 quolibet
741 2466 916 2533 historico
944 2467 1166 2535 Plutarchus
1186 2489 1338 2538 sumere

153 2587 285 2671 potuit.

255 2703 297 2774 P.
333 2705 373 2774 G.
401 2727 429 2773 c.
460 2708 522 2772 22.

198 2840 279 2897 1-2
312 2832 546 2919 Καταλαμβάαει
576 2839 600 2900 δ’
630 2833 720 2901 αὐτὸν
813 2840 828 2897 Ι
853 2842 891 2899 12
916 2841 1023 2898 Paucis
1040 2848 1108 2917 post
1130 2843 1269 2902 laleudas
1290 2845 1338 2904 Ια-

153 2938 193 3001 ἔτι
207 2939 349 3018 μέλλοντα
364 2934 412 3001 καὶ
424 2933 627 3020 βουλευόμενον
638 2939 718 3022 iupa·
769 2943 892 3000 uuarics
914 2943 1013 3002 diebus
1033 2944 1155 3020 Pompei
1169 2945 1339 3024 Propinqui

152 3040 237 3120 γέατα
259 3033 298 3103 ταὶ
319 3046 350 3102 Γ
348 3036 497 3122 apparui.
764 3046 963 3120 procuratoris
984 3065 1003 3104 α
1025 3046 1140 3122 Belpicu
1160 3047 1270 3108 litterae
1284 3051 1338 3109 ud·

256 3225 280 3298 1)
303 3228 391 3286 Hunc
414 3227 506 3286 Taciti
529 3228 627 3288 locum
652 3230 676 3308 (I
701 3233 739 3289 13
762 3233 841 3291 medo
863 3239 888 3292 et
902 3234 1085 3309 reipublicae
1099 3254 1200 3294 curum
1215 3255 1241 3296 θ.
1255 3257 1285 3314 q.
1299 3237 1335 3314 ε.)

152 3349 169 3387 a
191 3329 350 3389 Plutarcho
373 3330 501 3388 alienum
525 3349 592 3390 esse
615 3351 669 3390 cur
692 3333 799 3392 Lenius
823 3354 851 3410 p.
875 3338 914 3394 25
939 3337 1006 3395 adn.
1024 3339 1042 3395 2
1059 3339 1254 3418 contenderit,
1274 3359 1334 3400 non

151 3432 302 3507 intellego.
346 3432 422 3491 Nam
445 3434 494 3492 hic
517 3434 601 3492 locus
623 3437 704 3511 apud
727 3436 921 3495 Plutarchum
943 3439 974 3496 in
996 3441 1098 3498 eadem
1121 3441 1209 3516 plane
1228 3445 1335 3503 verbo

152 3541 216 3592 ium
251 3535 326 3593 serie
360 3535 602 3611 deprehenditur.
647 3538 781 3597 Alienior
813 3546 861 3598 θεῖ
882 3559 899 3598 a
921 3541 1081 3601 Plutarcho
1115 3543 1210 3622 locus,
1244 3564 1333 3621 quem

151 3637 259 3696 Lenius
293 3638 398 3713 adfert,
431 3638 497 3697 Tac.
521 3639 534 3697 Ι
559 3642 597 3698 15
621 3642 772 3715 dupustus
793 3641 827 3699 iu
848 3642 933 3701 domo
963 3663 1154 3704 successorem
1181 3649 1334 3722 quaesitui,

150 3757 199 3814 epo
221 3740 255 3797 iu
276 3759 306 3798 re
325 3741 447 3815 publicu.

252 3839 278 3919 ²)
299 3837 467 3917 Ἀαοδείξας
489 3843 724 3917 designationem
740 3846 882 3923 declarat;
899 3848 951 3906 cfr.
968 3849 1101 3923 Viereck,
1119 3849 1224 3910 Sermo
1240 3851 1333 3914 Grae·

150 3962 213 4017 cua,
248 3944 323 4002 titul.
358 3947 409 4018 5,1,
444 3947 499 4019 9,3;
534 3945 571 4002 V.
593 3945 795 4021 Nordstroem,
823 3949 866 4008 De
892 3951 1099 4010 institutorum
1126 3952 1333 4015 Romanorum

151 4048 302 4105 vocabulis
326 4047 462 4121 Dionysii
485 4048 755 4108 Halicarnassensis
779 4052 978 4126 quaestiones,
1001 4053 1073 4112 diss.
1097 4054 1333 4131 Helsinglorsiae

149 4167 174 4206 a.
212 4151 302 4220 1890,
335 4168 363 4224 p.
398 4151 447 4208 24.
491 4151 595 4227 ltaque
624 4152 673 4210 hio
704 4152 787 4212 locus
810 4172 878 4212 cum
902 4154 968 4214 Tac.
991 4156 1004 4213 Ι
1030 4159 1066 4215 11
1095 4157 1213 4216 Seruius
1240 4159 1333 4221 Gallia

149 4251 255 4309 iterum
275 4253 355 4311 Titus
376 4253 482 4311 Vinius
496 4255 626 4313 mustelas
647 4256 812 4315 iucoiruvere
825 4276 939 4316 aunum
955 4276 1014 4318 non
1031 4264 1078 4318 θεῖ
1093 4265 1332 4337 componendus.
