2978 4800
197 275 260 321 XVI

154 451 217 519 alii
254 452 334 519 aliis
368 453 481 519 rebus
519 451 762 533 delectantur,
791 454 842 520 ita
878 456 919 520 ut
951 473 1026 520 uno
1057 455 1223 521 alterove
1249 455 1331 522 loco

152 573 349 640 dumtaxat
376 591 527 639 necesse
556 573 603 639 sit
631 573 867 640 narrationes
895 573 1067 640 diversas
1097 575 1228 641 eodem
1248 593 1330 641 con·

152 693 281 759 fluere.
335 692 557 760 Plutarchus
591 697 712 759 autem
747 698 783 759 et
811 693 959 760 Tacitus
986 693 1102 760 multo
1129 694 1329 761 maximam

151 817 295 898 partem
324 812 455 878 iisdem
486 812 757 897 propemodum
778 812 904 880 verbis
929 817 1101 894 utuntur;
1119 822 1331 902 congruunt

148 931 189 998 in
217 931 420 998 enuntiatis
448 932 648 1010 struendis
678 933 716 999 in
745 932 921 998 membris
949 932 1232 1018 dispertiendis;
1254 954 1329 1019 qua

148 1051 311 1137 quisque
346 1070 387 1117 re
424 1051 608 1118 adductus
649 1051 843 1137 quidpiam
884 1051 1022 1132 fecerit,
1065 1054 1330 1120 convenienter

149 1171 347 1257 explicant,
374 1171 488 1256 idque
517 1190 630 1257 saepe
658 1171 855 1257 dupliciter
884 1179 948 1239 aut
967 1173 1233 1258 multipliciter;
1255 1175 1327 1240 iarn

149 1291 351 1376 utrobique
389 1310 512 1357 mores
540 1291 731 1357 hominum
760 1291 887 1358 itidem
916 1291 1183 1378 depinguntur,
1212 1292 1328 1360 fabel-

150 1412 209 1478 lae
254 1411 407 1478 eaedem
451 1411 751 1496 interponuntur,
795 1411 927 1477 similia
979 1412 1115 1478 iudicia
1162 1413 1330 1479 inserun-

150 1536 211 1598 tur
230 1524 269 1616 1),
298 1532 469 1618 geminae
501 1530 755 1617 digressiones
788 1531 1032 1598 inst‘tuuntur
1049 1524 1094 1616 2);
1124 1551 1237 1616 porro
1265 1552 1329 1617 pa·

149 1650 240 1717 riter
286 1654 489 1717 excurrunt
536 1651 573 1716 in
616 1650 872 1717 describendis
919 1651 1080 1735 proeliis,
1122 1651 1329 1737 aequaliter

150 1770 243 1837 alias
288 1789 347 1836 res
388 1770 427 1836 in
469 1769 586 1836 lucem
633 1775 802 1849 evocant,
847 1770 938 1836 alias
982 1770 1225 1855 deprimendo
1266 1771 1329 1838 ola

152 1896 318 1957 scurant.
375 1890 499 1975 Atque
527 1890 638 1956 etiam
675 1889 829 1967 flosculi,
856 1891 1050 1977 imagines,
1077 1890 1218 1958 lumina
1248 1911 1329 1958 ver·

148 2009 292 2088 borum,
338 2010 606 2076 sententiarum
655 2009 970 2076 conformationes
1018 2011 1172 2076 nimium
1213 2030 1329 2096 quan-

148 2135 226 2197 tum
268 2131 365 2196 inter
404 2148 444 2195 se
485 2133 703 2196 consonant.
760 2129 869 2206 Quod
911 2129 1028 2196 sicubi
1069 2129 1165 2196 forte
1206 2130 1328 2198 minus

146 2252 372 2336 congruunt,
407 2249 601 2335 quoniam¹
626 2268 672 2316 ex
709 2269 753 2315 eo
789 2250 1014 2334 perspicitur
1051 2249 1158 2316 facile
1195 2251 1329 2317 evitari

148 2369 316 2454 potuisse
344 2388 502 2455 magnas
530 2368 612 2435 illas
642 2368 913 2448 similitudines,
950 2388 994 2435 eo
1022 2370 1141 2456 magis
1154 2370 1234 2455 ‚qui
1261 2389 1329 2455 per

148 2489 260 2575 longe
297 2488 457 2554 maiores
490 2488 614 2573 operis
643 2492 770 2573 partes
807 2489 969 2573 pertinet
1005 2493 1205 2556 concentus
1243 2490 1329 2556 insi-

147 2608 275 2696 gnitur
293 2600 332 2692 ³).

253 2727 351 2806 Quid
393 2747 484 2794 vero
524 2727 570 2794 de
612 2746 657 2794 eo
696 2728 828 2806 dicam,
859 2727 961 2811 quod
993 2729 1244 2795 necessarium
1273 2735 1329 2796 est

147 2849 362 2915 similiorem
392 2848 502 2914 etiam
530 2848 671 2913 auctori
690 2848 874 2913 communi
894 2848 1010 2914 luisse
1030 2847 1196 2914 Tacitum
1216 2868 1342 2940 quam·

147 3015 352 3022 ..-—-———

253 3114 275 3193 1)
299 3116 382 3174 Hanc
404 3114 607 3174 difficultatem
632 3116 771 3174 nimirum
795 3116 838 3173 sic
860 3115 981 3191 expedit
1004 3115 1090 3173 labia
1112 3133 1140 3191 p.
1159 3117 1235 3176 128:
1259 3117 1329 3175 »Ta-

146 3223 206 3278 cite
230 3218 342 3277 n'avait
364 3235 418 3294 pas
439 3215 557 3293 l'esprit
579 3218 616 3277 de
638 3218 876 3277 contradiction».

252 3338 275 3414 ²)
299 3337 331 3396 P.
355 3335 389 3395 G.
413 3338 452 3395 27
477 3355 503 3394 r.
527 3338 652 3396 32-34
685 3337 734 3414 (de
767 3341 886 3396 centum
920 3337 1026 3410 viginti
1051 3336 1190 3413 libellis);
1211 3335 1280 3397 O.9
1304 3358 1331 3396 v.

151 3441 190 3498 14
213 3458 277 3516 sqq.
307 3439 504 3516 (cupierintne
536 3439 687 3498 exercitus
721 3457 802 3497 arma
823 3439 991 3514 deponere).
1036 3436 1186 3510 Quantum
1209 3440 1329 3499 eaedem

147 3543 353 3618 digressiones
376 3542 413 3599 ad
436 3541 622 3617 probandum
647 3541 771 3613 valeant,
796 3541 882 3599 dccet
905 3538 1087 3600 Gutschmid
1109 3540 1127 3598 l.
1150 3541 1170 3599 l.
1193 3561 1222 3618 p.
1245 3546 1273 3602 5.

251 3661 275 3734 ³)
299 3661 358 3719 Cir.
393 3661 531 3723 Boissier,
566 3660 691 3718 Journal
725 3661 777 3719 des
806 3665 937 3731 savants,
960 3678 985 3718 a.
1011 3662 1101 3734 1895,
1124 3679 1152 3736 p.
1177 3663 1239 3720 410
1263 3680 1328 3739 sqq.
1407 3711 1409 3714 .

148 3764 242 3824 Secus
267 3763 381 3823 Schanz
405 3781 432 3838 p.
457 3764 532 3822 240:
556 3763 638 3820 »Man
661 3763 727 3820 dari
739 3763 845 3838 jedoch
860 3763 942 3822 nicht
958 3763 1131 3837 iibersehen‚
1146 3763 1216 3822 dass
1232 3764 1332 3824 sclclre

150 3866 398 3926 llinzelheiten
415 3865 496 3924 nicht
511 3866 568 3924 den
584 3863 861 3924 Gesamtcharalrter
875 3865 927 3925 des
942 3865 1031 3924 Stiles
1043 3866 1192 3941 bedingen
1205 3910 1212 3924 .
1225 3911 1250 3925 ..
1270 3867 1332 3926 ¹Der

148 3969 204 4029 Stil
238 3969 292 4027 des
323 3968 444 4027 Tacitus
478 3968 529 4026 hat
558 3968 606 4027 ein
630 3985 663 4026 so
685 3967 894 4027 individuelles
917 3966 1060 4044 Geprage,
1081 3968 1153 4026 dass
1175 3986 1208 4027 es
1232 3968 1331 4028 nichts

149 4071 313 4140 ausinacht,
335 4089 423 4129 wenn
447 4071 525 4129 hier
547 4070 618 4128 und
642 4071 686 4128 da
708 4070 836 4129 fremdcs
852 4069 913 4128 (iut
929 4076 1092 4130 verwertet
1107 4071 1206 4128 wird».
1226 4069 1331 4148 Neque

149 4174 236 4232 Fabia
270 4173 324 4232 sibi
358 4177 577 4232 consentaneus
609 4178 656 4231 est
679 4166 755 4231 cum
770 4173 859 4231 dicit:
883 4173 938 4232 »Le
961 4172 1049 4248 style,
1073 4172 1152 4232 vaila
1173 4173 1201 4232 le
1226 4175 1331 4233 merite

148 4277 281 4334 eminent
303 4282 333 4335 et
355 4276 383 4334 la
405 4274 549 4333 veritable
572 4274 740 4349 originalite
762 4275 799 4334 de
822 4273 944 4334 Tacite».
