2978 4800
1254 246 1292 303 41

260 436 374 504 6-9.
431 435 595 502 Verbum
632 455 701 521 pro
738 435 855 502 verbo
888 436 1051 503 reddidit
1080 435 1285 503 Graeculus
1301 427 1335 514 1).

259 556 295 624 9.
352 557 433 623 Hoc
461 556 561 622 unde
589 555 743 622 fluxerit
770 574 845 621 non
874 575 975 622 curo.

258 675 390 743 9-19.
442 676 531 742 Voci
559 675 676 745 thilen
697 676 795 760 apud
818 676 984 742 Tacitum
1004 675 1097 742 nihil
1116 675 1336 760 respondet3

152 802 191 863 at
232 795 434 862 Suetonius
472 815 588 861 mune
623 795 738 862 habet
775 801 810 861 et
847 795 998 880 quidem
1045 794 1194 862 duobus
1235 794 1337 872 looiS,

155 915 198 984 G.
232 915 281 983 19
312 920 348 982 et
377 914 419 982 Ο.
451 915 486 982 6.
544 915 662 991 Quam
705 915 894 981 Plutarchi
937 919 973 981 et
1012 914 1181 982 Suetonii
1216 914 1338 980 simili·

156 1036 323 1103 tudinem
352 1054 441 1101 casu
470 1035 656 1102 exstitisse
675 1055 757 1102 cum
777 1035 879 1101 nullo
899 1035 1011 1101 modo
1031 1035 1150 1119 possit
1168 1034 1348 1120 cogitari,

152 1154 401 1222 certissimum
442 1155 512 1220 hoc
553 1161 609 1221 est
640 1155 844 1221 communis
871 1155 986 1221 fontis
1015 1155 1203 1220 indicium.
1262 1152 1338 1219 Sed

151 1275 283 1352 Fabia,
324 1294 406 1340 eum
443 1280 541 1341 recte
577 1276 648 1341 hoc
675 1268 929 1360 perspiciat'2),
959 1293 1034 1340 non
1064 1274 1167 1340 videt
1194 1273 1338 1339 Plutar-

149 1395 264 1461 chum
293 1394 331 1460 in
360 1394 533 1460 omnibus
561 1395 692 1461 ceteris
721 1395 847 1461 Tacito
876 1395 991 1460 multo
1019 1395 1235 1480 propiorem
1256 1412 1338 1459 esse

151 1533 266 1599 quam
313 1512 504 1580 Suetonio.
563 1514 669 1581 Unde
711 1514 883 1593 efficitur,
928 1518 968 1580 ut
1009 1514 1232 1580 Plutarchus
1271 1513 1338 1578 Ta-

150 1634 267 1701 citum
305 1632 521 1699 exscribens
557 1633 626 1699 hoc
662 1633 776 1699 fontis
813 1632 1018 1700 communis
1047 1653 1162 1699 unum
1194 1632 1339 1698 remini-

153 1744 333 1838 scatur3).

264 1873 418 1941 19-20.
475 1872 697 1960 Congruunt
728 1874 950 1940 Plutarchus
979 1879 1015 1940 et
1043 1874 1204 1950 Tacitus,
1234 1872 1336 1956 quod

154 1995 195 2060 in
224 1994 352 2060 eodem
373 2013 497 2059 rerum
517 2001 692 2060 contextu
713 1993 899 2060 adiectum
920 1992 1080 2060 Othonis
1102 1990 1336 2070 describunt;

152 2118 379 2200 repugnant,
406 2113 508 2197 quod
536 2113 596 2179 ille
625 2113 875 2197 perterritum,
897 2113 957 2179 hic
981 2112 1208 2199 gaudentem
1237 2111 1335 2177 iacit.

154 2233 230 2302 Sed
272 2233 494 2299 Plutarchus
535 2253 624 2309 non¹
656 2239 731 2299 tam
769 2240 847 2299 arte
885 2234 932 2300 ad
961 2233 1078 2299 verba
1109 2232 1269 2298 auctoris
1299 2250 1337 2296 se

153 2353 343 2440 astringit,
373 2359 413 2419 ut
441 2373 516 2418 non
545 2354 621 2419 suis
651 2355 768 2438 ipsius
798 2353 1005 2419 animorum
1034 2358 1156 2418 motus
1182 2352 1338 2437 pingere

158 2473 306 2539 studeat
334 2472 532 2539 coloribus.
592 2472 815 2538 Conferatur
843 2473 1032 2538 Praefatio
1048 2466 1086 2556 ⁴).

151 2770 299 2837 quuntur,
332 2755 366 2822 οὗ
400 2755 459 2841 ycip
482 2786 507 2821 κ.
529 2784 555 2820 τ.
577 2764 611 2833 l„
634 2759 663 2816 id
695 2761 801 2834 egisse,
826 2768 859 2816 ut
882 2758 974 2816 Taciti
1006 2758 1155 2833 «piandum
1179 2756 1336 2830 indiligen-

149 2865 224 2922 tiam
249 2870 374 2920 notaret.
419 2863 477 2920 t'lr.
502 2868 651 2937 praeterea
673 2862 830 2920 Andresen
854 2880 880 2937 p.
905 2863 967 2919 434
992 2878 1035 2936 sq.

260 2980 281 3056 ¹)
305 2980 522 3057 Optime-Fabia
539 3000 566 3056 p.
584 2983 637 3039 24:
661 2981 880 3056 »Retnarquons
897 2987 1014 3039 surtout
1030 2981 1058 3037 la
1074 2979 1267 3055 suppression
1285 2978 1337 3035 des

151 3085 373 3161 complements
397 3084 450 3142 des
469 3091 546 3142 mots
569 3084 705 3158 adoption
726 3092 756 3141 et
780 3089 925 3140 niczutre».
937 3117 974 3126 -
991 3081 1089 3156 Groag
1111 3100 1139 3157 p.
1158 3082 1217 3140 740
1233 3080 1335 3138 admi

154 3188 210 3245 hoc
229 3187 298 3245 aliis
322 3187 419 3245 verbis
443 3187 577 3261 potuisse
600 3187 657 3245 dici
680 3195 778 3260 negat.
811 3185 945 3260 Contigit
968 3193 1067 3243 tamen
1084 3184 1244 3243 Suetonio:
1268 3200 1336 3257 per-

155 3289 271 3363 ficiendi
293 3295 395 3347 corteto
416 3289 495 3346 intra
517 3293 629 3346 sextum
651 3288 814 3363 adeptionis
837 3287 912 3345 dicut
935 3286 969 3345 G.
992 3289 1039 3346 li.

258 3408 284 3480 ²)
307 3409 384 3467 Ante
407 3426 476 3466 eum
499 3407 557 3465 iam
581 3408 668 3465 Peter
690 3426 717 3482 p.
741 3410 790 3466 37.

259 3525 282 3599 ³)
306 3526 419 3585 Verum
444 3526 517 3583 vidit
540 3525 689 3584 Woelitlin
712 3527 742 3582 in
766 3525 955 3583 adnotatione
983 3527 1007 3590 l,
1030 3524 1132 3598 Comp.
1158 3543 1184 3598 p.
1202 3525 1251 3595 33,
1268 3541 1336 3581 cum

152 3649 247 3707 supra
283 3631 372 3688 verbo
405 3627 498 3691 thoe
531 3647 594 3686 eam
629 3647 716 3703 quam
742 3635 879 3703 parerat
903 3627 963 3684 rim
987 3627 1255 3702 auctoritatemque
1278 3645 1336 3685 non

152 3734 299 3792 dedisset.

260 3854 285 3926 ⁴)
307 3853 367 3909 tlir.
390 3852 477 3909 Fabia
500 3870 527 3926 p.
553 3852 607 3909 25:
643 3850 686 3908 »si
712 3848 744 3907 T.
767 3857 813 3907 est
836 3849 865 3906 la
888 3866 994 3908 source
1016 3850 1053 3908 de
1077 3850 1117 3910 P..
1141 3850 1162 3907 il
1184 3851 1247 3908 taut
1266 3867 1336 3924 sup-

155 3973 250 4032 poser
279 3955 316 4012 de
349 3953 376 4011 la
408 3962 473 4028 part
503 3953 539 4010 tle
568 3952 687 4011 celui-ci
718 3951 1337 4027 uneinexactitndequi,d'aille111·S,est

153 4061 215 4116 fort
245 4056 398 4133 possible».
443 4055 501 4114 Sed
531 4056 609 4130 ‹lund
634 4055 721 4113 Fabia
743 4055 784 4112 ait
808 4055 868 4112 veri
894 4054 1022 4112 similius
1045 4073 1113 4112 esse
1136 4054 1281 4112 Othonem
1306 4054 1335 4110 iu

156 4162 239 4219 lonte
261 4159 412 4218 communi
436 4159 524 4216 simul
549 4159 749 4234 perterritum,
772 4157 862 4216 simul
887 4158 1045 4216 laetantem
1069 4158 1235 4230 inductum,
1258 4167 1337 4213 recte

154 4281 224 4321 eum
248 4262 438 4338 reprehendit
461 4259 560 4334 Groag
583 4279 611 4335 p.
636 4262 695 4318 742
721 4277 765 4335 sq.
