2978 4800
1255 259 1294 316 73

149 469 237 518 esse
273 451 486 518 testimonio
520 454 586 516 est.
641 449 735 516 Nam
772 453 813 516 ut
849 449 1142 534 praetermittam
1170 450 1340 527 Dionem,

150 571 219 655 qui
249 570 416 636 Tacitum
444 569 594 635 videtur
621 568 876 653 exscripsisse,
921 567 1124 635 Suetonius
1152 575 1251 636 certe
1276 569 1339 635 ali·

149 696 297 774 quanto
333 689 548 756 dissimilior
584 681 689 773 est1).
744 688 844 755 Nihil
886 694 942 754 est
988 694 1111 755 autem
1153 689 1339 776 insignius

149 828 266 894 quarn
304 808 490 874 famosum
528 807 619 874 illud
655 828 689 873 v.
725 808 773 874 33
804 827 858 893 sq.
890 799 1123 901 φοβούμενος
1150 802 1216 900 γὰρ
1245 799 1340 898 ὑπὲρ

150 923 226 995 τῶν
267 919 413 1022 ἀνδρῶν
454 919 570 1010 αὐτὸς
610 910 657 1022 ἦν
701 919 856 1022 φοβερὸς
891 927 1053 1011 ἐκείνοις,
1081 947 1165 994 curu
1193 929 1341 994 timeret

156 1047 267 1126 Oreo,
297 1025 511 1114 timebatur.
558 1046 679 1123 Quam
707 1047 930 1113 sententiam
959 1047 989 1113 si
1017 1049 1102 1132 quis
1131 1048 1339 1114 Tacitume

149 1167 258 1234 fonte
274 1143 510 1234 transtulisse
525 1167 726 1244 contendit,
740 1171 906 1232 monstra
922 1166 1020 1233 dicit.
1051 1167 1146 1232 Nam
1161 1167 1341 1233 Muenzer

152 1287 340 1372 (Hermes,
372 1306 404 1353 a.
439 1286 546 1365 1899,
560 1306 597 1372 p.
619 1285 709 1370 641)
730 1286 831 1371 quod
851 1285 972 1352 locum
993 1285 1193 1365 Ciceronis
1216 1286 1262 1352 de
1283 1286 1339 1352 Re

151 1405 258 1492 publ.
288 1406 326 1472 ΙΙ
354 1408 403 1473 45
434 1410 468 1473 et
494 1424 579 1472 eum
607 1409 784 1472 metueret
810 1406 892 1492 ipse
912 1426 1080 1492 poenam
1107 1407 1258 1473 sceleris
1277 1407 1342 1472 sui

151 1545 358 1604 summam,
387 1526 505 1592 metui
532 1545 570 1592 se
597 1525 755 1608 uolebat,
784 1529 987 1609 comparat,
1017 1544 1092 1591 non
1113 1525 1271 1592 attendit
1291 1525 1340 1591 ab

154 1646 221 1713 illo
247 1645 349 1712 locos
378 1646 493 1712 Taciti
522 1651 558 1711 et
585 1645 775 1712 Plutarchi
804 1663 847 1710 eo
876 1643 1042 1724 differre,
1073 1646 1173 1730 quod
1194 1645 1231 1711 hi
1252 1651 1343 1712 sunt

154 1767 193 1832 in
238 1765 442 1832 earundem
484 1784 608 1831 rerum
651 1765 758 1831 serie.
814 1765 980 1830 Tacitum
1017 1764 1109 1831 illud
1151 1763 1341 1831 Ciceronis

155 1885 370 1952 meminisse
406 1904 558 1952 necesse
594 1903 670 1951 non
705 1887 801 1963 erat;
842 1883 907 1948 sed
937 1883 1032 1948 hanc
1060 1882 1338 1949 similitudinem

158 2005 262 2071 haud
300 2006 442 2071 evitare
480 2004 667 2072 etlumen
696 2002 898 2069 verborum
928 2022 949 2068 a
976 2002 1101 2086 priore
1132 2002 1258 2088 aliquo
1285 2022 1341 2069 re-

159 2144 242 2191 rum
285 2125 465 2209 scriptore
506 2125 635 2192 eodem
664 2124 776 2210 plane
803 2123 885 2190 loco
912 2123 1075 2208 positum
1104 2123 1151 2189 ad
1181 2123 1340 2190 verbum

159 2244 430 2312 transscribere
471 2245 550 2311 sine
592 2264 660 2311 suo
702 2243 885 2311 dedecore
925 2262 1000 2309 non
1041 2244 1173 2327 potuit.
1229 2243 1340 2310 Prae-

157 2370 263 2432 terea
291 2383 415 2449 neque
442 2364 545 2431 locus
573 2364 634 2431 ille
655 2363 922 2431 Ciceronianus
942 2383 1064 2449 neque
1084 2364 1181 2429 ullus
1202 2383 1341 2442 eorum,

155 2504 253 2571 quos
284 2484 472 2552 Woelfflin
502 2484 689 2570 congessit
703 2476 742 2568 2),
771 2502 852 2548 cum
881 2483 1008 2549 Tacito
1029 2502 1148 2568 aeque
1167 2484 1342 2569 congruit

263 2717 285 2795 ²)
307 2719 342 2777 In
375 2719 510 2779 Suetonii
545 2719 660 2777 initium
681 2716 854 2793 ⁴(placuerat
871 2735 926 2791 per
948 2716 1116 2775 classiarios
1137 2735 1221 2775 arura
1244 2723 1342 2775 traus-

154 2823 231 2898 serri
262 2822 424 2897 remittique
456 2822 588 2892 uatibus,
620 2819 653 2879 Ο.
677 2823 715 2894 8),
739 2828 868 2878 veterem
891 2819 971 2877 illam
995 2820 1081 2896 quasi
1107 2837 1223 2878 crucem
1249 2820 1340 2879 inter-

155 2932 286 3000 pretum.
308 2924 470 3000 inquirenti
493 2924 549 2982 hoc
572 2923 642 2980 mihi
666 2922 804 2994 occurrit,
826 2921 887 2980 lieri
912 2921 1047 3007 potuisse
1062 2927 1096 2981 ut
1121 2921 1209 2980 XVII
1232 2923 1341 2981 cohors

156 3045 218 3084 una
252 3034 334 3085 esset
366 3045 404 3085 ex
432 3026 471 3084 iis
494 3025 664 3084 cohortibus
687 3024 808 3082 urbanis
833 3025 896 3099 (cir.
918 3023 1095 3083 Mommsen.
1119 3024 1243 3083 Hermes
1267 3024 1340 3083 XVI

154 3149 183 3206 p.
217 3131 278 3188 643
308 3113 392 3205 sqq),
416 3145 491 3204 qum
515 3128 604 3186 classi
627 3127 744 3185 additas
766 3133 869 3185 auctor
891 3133 937 3185 est
961 3125 1028 3184 Tac.
1050 3125 1129 3184 Hist.
1152 3126 1166 3184 Ι
1190 3129 1239 3198 87,
1261 3128 1340 3186 ideo·

154 3250 216 3308 que
239 3250 256 3288 a
279 3230 422 3290 Suetonio
444 3229 596 3288 classiario
619 3236 782 3288 vocaretur.
823 3227 916 3301 Quam
939 3235 1008 3286 ante
1030 3246 1189 3288 excessum
1213 3228 1341 3288 Othonis

156 3333 273 3393 Ostiam
298 3334 459 3392 revertisse
480 3351 518 3392 ex
543 3333 618 3391 Hist.
641 3332 672 3390 ΙΙ
696 3334 735 3391 63
758 3339 890 3408 apparet.

261 3453 387 3529 ²)Arcl1.
403 3452 446 3511 XI
458 3472 485 3529 p.
498 3454 569 3523 430,
583 3452 685 3528 Comp.
697 3470 726 3528 p.
742 3454 791 3520 41,
807 3452 883 3510 Plin.
899 3470 927 3528 p.
944 3453 1004 3511 347
1025 3470 1068 3528 sq.
1082 3451 1231 3510 Woelfflin
1247 3471 1340 3510 unum

154 3557 254 3633 ipsius
277 3574 396 3632 quoque
420 3554 512 3614 Taciti
536 3555 634 3613 locum
659 3554 792 3630 protulit,
816 3554 890 3612 Disl.
916 3556 954 3612 13
978 3553 1054 3630 quod
1075 3553 1183 3626 timent,
1205 3572 1244 3612 au
1267 3554 1344 3630 quod

156 3661 304 3717 timeatur.
328 3693 368 3702 --
392 3659 476 3716 Addo
498 3676 537 3716 ex
560 3657 765 3733 scriptoribus,
798 3674 926 3732 quorum
948 3657 986 3714 ad
1009 3655 1180 3731 exemplum
1204 3655 1340 3715 Tacitum

155 3762 320 3820 orationem
356 3761 480 3819 linxisse
513 3766 644 3818 constat:
681 3759 802 3817 Sallust.
832 3758 896 3833 lug.
920 3760 960 3817 20
984 3765 1113 3816 metricus
1135 3759 1231 3834 atrapis
1252 3778 1340 3834 aarum

155 3864 340 3936 ructuantium
365 3863 479 3938 Fragm.
505 3863 590 3931 Hist,
613 3860 661 3920 Or.
677 3861 782 3938 Lepidi
801 3862 838 3920 10
855 3861 1003 3919 habendus
1017 3866 1069 3919 aut
1082 3861 1233 3936 faciendus
1248 3867 1343 3919 ructus

155 3975 210 4039 rst3
242 3966 377 4040 Thucyd.
401 3966 413 4024 Ι
437 3969 476 4026 36
508 3959 542 4027 τὸ
564 3960 616 4044 μὲν
638 3958 728 4034 δεδιὸς
751 3958 841 4026 αὐτοῦ
865 3959 1022 4034 ...τοὺς
1055 3962 1198 4033 ἐναντίους
1230 3963 1342 4043 μᾶλλον

156 4068 294 4151 copiari.
340 4067 399 4126 Cir.
432 4067 499 4126 Tac.
533 4069 610 4125 Ann.
634 4067 647 4125 Ι
671 4069 710 4126 29
745 4073 854 4139 terrere,
877 4067 912 4124 ui
927 4072 1060 4141 pareant.
1107 4067 1193 4125 Alius
1224 4065 1340 4140 generis

156 4178 230 4231 sunt
266 4171 342 4229 Plin.
368 4171 423 4246 Ep.
454 4170 496 4228 Vl
531 4173 579 4245 17,
607 4172 645 4230 16
670 4171 802 4228 timorem
825 4172 912 4228 timor
933 4170 1012 4244 cicit3
1038 4169 1104 4228 Tac.
1128 4170 1209 4228 Aun.
1232 4168 1275 4226 IV
1301 4168 1340 4226 70

154 4275 187 4333 id
209 4275 308 4350 apuam
326 4279 469 4349 priuatas,
492 4273 567 4348 qrtod
590 4273 762 4331 timuissent.
