2978 4800
376 1057 708 1127 CORRIGENDA
738 1061 801 1126 ΕΤ
832 1062 1089 1128 ADDENDA.

135 1285 163 1341 p.
191 1266 216 1323 V
241 1287 268 1325 r.
295 1270 330 1325 11
356 1268 392 1325 ab
414 1268 482 1326 imo.
527 1269 606 1344 Lege
631 1267 903 1354 duodeviginti,
928 1289 988 1328 non
1013 1268 1218 1334 duodecim.

134 1395 162 1451 p.
186 1377 289 1437 XXXI
312 1380 378 1437 adn.
403 1382 429 1438 2.
476 1381 547 1439 Dele
570 1382 750 1440 »Maximum
775 1417 815 1424 ψ-
837 1383 993 1443 Excursus
1016 1383 1082 1442 III».

136 1498 163 1555 p.
187 1481 205 1537 3
229 1482 296 1539 adu.
323 1485 340 1540 3
364 1489 448 1556 extu,
471 1483 538 1558 lege
561 1484 749 1556 »Praelati0»,
771 1503 830 1543 non
854 1487 1043 1561 »Ingressio›>.

136 1599 164 1656 p.
192 1585 239 1640 12.
285 1583 414 1644 Orellius
448 1603 516 1644 curn
551 1585 618 1645 Tac.
642 1587 656 1644 l
682 1590 697 1645 7
722 1606 773 1646 seu
801 1589 867 1646 berre
890 1607 940 1646 seu
957 1589 1032 1647 mule
1053 1589 1130 1663 sactu
1146 1607 1250 1664 parem
1272 1590 1319 1648 ιά-

240 1686 348 1744 cidr'uur
380 1688 544 1761 udferebuut
572 1689 686 1747 confert
719 1692 795 1748 Amr.
819 1690 848 1748 II
873 1691 1030 1765 2perr'ude
1052 1691 1152 1749 odr'uru
1173 1693 1273 1766 prauis
1295 1699 1321 1750 et

239 1789 372 1847 honestis,
1234 1792 1244 1808 ⁰

135 1909 162 1964 p.
183 1892 220 1948 13
244 1891 310 1948 adn.
334 1895 353 1949 4
377 1892 519 1951 deleatur.

134 2011 162 2066 p.
189 1994 227 2050 14
248 1994 315 2052 adn.
341 1997 367 2052 1.
415 1995 457 2053 De
481 1995 562 2055 Suet.
586 1995 620 2055 d.
648 1999 685 2056 16
710 1999 761 2055 cir.
786 1997 874 2056 Fabia
896 2015 925 2072 p.
951 2000 1019 2056 133.

135 2113 162 2168 p.
186 2097 235 2165 43,
260 2095 326 2155 Tac.
349 2097 426 2156 Hist.
448 2098 463 2156 Ι
487 2100 536 2158 27.
583 2099 704 2158 Nollem
734 2107 802 2175 post
828 2100 981 2158 Halmium
1004 2102 1181 2176 recepissem
1202 2099 1320 2176 paudr'r's

239 2199 342 2257 Faerui
376 2218 429 2275 pro
462 2201 568 2276 pludir's
596 2203 660 2260 cod.
694 2202 784 2273 Med.;
814 2220 894 2261 nunc
915 2202 1067 2261 Plutarchi
1092 2196 1320 2282 ἀνακαλούμενοι,

237 2300 379 2380 Καίσαρα
411 2297 460 2364 καὶ
492 2294 586 2384 γυμναὶ
618 2299 657 2364 τὰ
688 2303 753 2385 ξίφη
775 2298 974 2384 προϊσχόμενοι
997 2323 1013 2362 e
1036 2305 1127 2364 Taciti
1150 2305 1273 2363 σὶαιιισνι
1294 2310 1319 2363 et

237 2403 343 2477 plurius
365 2405 490 2463 fluxisse
512 2405 592 2463 haud
615 2406 755 2464 dubitans
778 2406 914 2464 dixerim.

133 2524 161 2581 p.
186 2507 224 2564 52
249 2506 316 2563 adn.
341 2508 368 2565 3.
413 2506 484 2565 Dele
507 2508 580 2566 »Gir
603 2508 775 2566 Praelatio».

133 2627 160 2684 p.
186 2610 234 2667 63.
278 2608 353 2666 Cum
384 2609 453 2683 fidei
482 2610 591 2667 crirueu
621 2609 687 2668 Tac.
716 2610 729 2667 I
760 2613 796 2668 71
822 2613 940 2670 confero
964 2611 994 2668 ΙΙ
1018 2612 1056 2670 60
1079 2611 1167 2684 sideru
1189 2610 1315 2668 absoluit.

132 2730 159 2785 p.
185 2713 223 2769 73
247 2711 315 2768 adn.
339 2713 366 2770 2.
410 2712 455 2769 Ad
486 2731 553 2770 curu
588 2712 696 2770 terreret
730 2713 811 2784 (libo,
843 2713 996 2771 timebatur
1018 2713 1090 2772 haec
1112 2713 1314 2788 ascripserim:

236 2813 266 2871 T.
290 2814 326 2871 H.
349 2814 378 2872 II
403 2815 441 2873 63
465 2815 498 2871 r'u
528 2814 621 2872 alieno
653 2815 820 2873 discrimine
849 2816 906 2872 sr'br'
923 2834 1040 2890 paucus.
1085 2815 1187 2873 Minus
1210 2815 1316 2874 similis

233 2922 281 2975 est
314 2917 397 2974 locus
420 2918 449 2973 in
474 2916 504 2974 II
529 2919 567 2975 76
602 2918 675 2975 sotis
708 2918 804 2975 durus
836 2924 876 2975 est
909 2918 987 2992 opud
1015 2917 1160 2975 tr'ureuteru
1183 2917 1317 2992 quisquis

235 3023 360 3077 libretur.

130 3141 158 3196 p.
183 3124 231 3180 84.
277 3122 441 3182 Premendu
467 3131 514 3181 est
539 3141 573 3180 ea
597 3122 770 3195 similitude,
799 3140 874 3198 quae
896 3129 943 3180 est
965 3123 1043 3180 inter
1066 3122 1097 3180 P.
1122 3120 1154 3180 Ο.
1179 3125 1248 3196 6,10
1271 3140 1314 3199 sq.

233 3218 309 3288 οὕτω
338 3220 394 3306 γὰρ
424 3220 635 3306 ἐταράχθησαν
662 3217 718 3286 ὑπὸ
738 3217 848 3286 τούτων
870 3222 930 3286 τῶν
950 3219 1064 3287 ὀνειδῶν
1086 3218 1135 3287 καὶ
1157 3217 1316 3304 διεκάησαν

233 3334 264 3385 et
286 3327 317 3384 T.
341 3327 427 3385 1121
451 3327 633 3385 uberioribus
663 3327 738 3384 iuter·
759 3344 788 3384 se
806 3326 923 3401 probris
945 3345 1035 3401 quam
1053 3327 1187 3385 leudibus
1208 3327 1315 3385 stimu-

234 3430 375 3488 lubuutur.
400 3463 439 3471 —
462 3429 507 3487 De
530 3436 592 3487 toto
617 3429 682 3487 loco
705 3431 757 3487 cir.
781 3429 876 3486 Praei.
900 3447 928 3504 p.
946 3428 1034 3486 XXV
1055 3430 1121 3488 adn.
1147 3433 1161 3488 1
1187 3436 1217 3488 et
1241 3431 1268 3488 2.

130 3549 157 3606 p.
184 3533 244 3590 130
269 3552 295 3589 v,
321 3536 347 3589 7.
391 3532 471 3606 Lege
493 3539 631 3612 γυναῖκες.

129 3653 158 3709 p.
183 3637 243 3693 138
273 3634 339 3692 adn.
365 3636 390 3706 1,
414 3653 440 3690 r.
464 3636 482 3693 3
506 3635 542 3693 ab
572 3634 638 3691 imo.
683 3633 755 3691 Dele
789 3634 888 3692 »cuius
919 3633 1017 3695 καλῶν
1048 3634 1213 3709 edipuitus
1246 3634 1313 3694 Tac.

233 3737 325 3796 1148
350 3742 451 3795 natum
475 3743 535 3796 est»
558 3743 587 3794 et
610 3736 682 3795 »ou
709 3734 878 3794 Praefatio».
