2978 4800
191 206 257 253 VIII

149 389 185 450 et
213 383 418 450 earundem
447 385 609 469 partium
639 384 764 481 studio
792 384 949 470 scriptor
973 384 1165 452 Romanus
1186 383 1335 473 Graeco

149 502 482 571 commendabatur
502 495 539 589 1).

254 620 404 689 Certum
447 628 502 689 est
537 623 652 710 igitur
690 629 725 690 et
764 622 923 692 Galbam
966 623 1227 709 Othonemque
1255 643 1333 690 non

151 745 236 808 ante
266 761 402 809 annum
446 742 495 809 97
533 741 612 809 iere
648 743 752 810 foras
789 743 898 809 datos
940 762 1022 809 esse
1055 747 1102 822 et,
1132 743 1163 808 si
1189 742 1333 811 iontem

150 880 383 928 communem
412 862 581 946 sequitur
608 860 840 941 Plutarchus,
867 880 914 928 ne
942 862 1041 929 hunc
1068 862 1218 947 quidem
1246 867 1336 930 ante

151 1000 344 1048 excessum
382 982 584 1048 Domitiani
621 982 788 1067 potuisse
826 981 895 1048 edi.
948 957 1038 1049 Post
1071 1001 1208 1049 annum
1246 983 1335 1062 105,

151 1101 221 1168 sub
264 1099 375 1186 quem
418 1120 556 1167 annum
594 1102 716 1168 emissi
754 1102 931 1168 videntur
968 1098 1218 1169 Historiarum
1246 1103 1333 1169 libri

151 1221 292 1300 I-—III‚
322 1221 515 1306 scripsisse
543 1220 783 1287 Plutarchum
808 1221 952 1309 indiget
970 1222 1008 1288 id
1028 1223 1179 1307 quidem
1200 1241 1337 1307 appro-

152 1340 327 1407 bationis.
357 1339 637 1407 Notent'tamen
657 1340 771 1406 tontis
791 1342 995 1407 communis
1015 1341 1232 1408 defensores
1249 1361 1332 1408 eum

154 1465 353 1538 auctorem,
382 1480 491 1545 quem
521 1480 542 1526 a
567 1460 693 1526 Tacito
713 1461 940 1544 exscriptum
960 1464 1104 1544 putant,
1126 1461 1336 1546 quinquen·

153 1579 216 1645 nio
259 1579 375 1645 terme
407 1581 584 1645 maiorem
614 1579 729 1646 fuisse
757 1599 869 1664 quam
899 1579 1008 1646 hunc.
1066 1579 1142 1647 Sed>
1166 1580 1336 1648 firmiora

152 1698 263 1764 nobis
293 1718 312 1790 e
340 1675 566 1784 comparatis
595 1698 840 1784 scriptoribus
870 1700 1086 1784 quaerenda
1121 1705 1208 1767 sunt
1236 1701 1337 1767 testi·

152 1837 288 1884 monia.

257 1938 310 2004 Ac
350 1939 380 2004 si
418 1938 606 2004 Historias
642 1938 843 2005 Plutarcho
880 1939 1029 2026 ignotas
1056 1937 1173 2004 fuisse
1201 1940 1337 2006 consti·

153 2063 249 2137 tuas
287 2058 457 2142 sequitur
497 2059 709 2125 necessario
745 2058 862 2125 tuisse
900 2058 1065 2124 Tacitum
1104 2078 1185 2125 cum
1219 2058 1336 2126 rebus

154 2182 230 2244 tum
260 2176 386 2244 verbis
415 2182 531 2244 totum
560 2178 638 2244 fere
667 2179 841 2245 alienum.
888 2179 943 2244 De
962 2198 1085 2244 rerum
1107 2178 1258 2262 quidem
1277 2198 1337 2245 co-

153 2297 333 2384 gnitione,
356 2317 453 2381 quae
472 2298 592 2383 prima
614 2298 661 2365 ab
680 2298 856 2364 historico
875 2298 1099 2383 postulatur,
1120 2298 1338 2377 Mommsen,

152 2416 298 2495 Nissen,
329 2420 406 2484 tota
434 2418 497 2484 illa
524 2419 665 2485 familia
694 2419 745 2484 sic
773 2418 1043 2496 iudicaverunt,
1063 2418 1227 2484 Tacitum
1257 2437 1335 2487 non

154 2556 262 2603 suum
290 2536 466 2604 iudicium
494 2539 532 2603 in
560 2537 673 2604 rebus
701 2538 937 2604 inveniendis
966 2542 1002 2604 et
1030 2537 1211 2624 eligendis
1233 2537 1335 2604 adhi-

153 2656 292 2737 buisse,
309 2658 375 2725 sed
404 2677 512 2744 quern
534 2659 693 2724 maxime
713 2657 892 2743 probaret
910 2658 1076 2742 priorum
1097 2657 1335 2742 scriptorum,

153 2795 198 2843 eo
234 2797 309 2844 uno
346 2778 439 2845 duce
476 2798 585 2845 usum
618 2771 757 2866 ossei),
793 2776 931 2843 nedum
960 2779 1041 2861 ipse
1071 2781 1150 2843 acta
1181 2781 1337 2844 senatus

257 2977 280 3057 ¹)
304 2980 362 3039 Cir.
395 2980 483 3039 Peter
513 2978 547 3039 G.
575 2980 608 3038 L.
642 2981 672 3038 ΙΙ
702 2999 730 3056 p.
764 2982 817 3039 76:
850 2976 908 3037 »Ob
937 2997 969 3036 er
993 2977 1156 3056 [Plutarch]
1191 2979 1245 3036 mit
1276 2979 1335 3038 den

154 3083 260 3142 beiden
284 3082 413 3142 hellsten
436 3082 589 3141 Leuehten
612 3083 665 3142 des
689 3082 806 3159 Senats,
831 3081 952 3140 Tacitus
976 3082 1037 3139 und
1053 3080 1177 3151 Plinius,
1193 3081 1286 3139 selbst
1304 3083 1335 3139 in

153 3185 347 3260 Verbindung
369 3191 505 3260 getreten
528 3185 575 3257 ist,
599 3185 674 3242 wird
698 3185 781 3242 nicht
803 3184 983 3257 uberlieiert
1006 3201 1095 3242 wenu
1118 3201 1150 3242 es
1173 3184 1248 3241 auch
1265 3183 1336 3241 sehr

152 3287 399 3346 wahrscheinlich
432 3288 485 3364 ist;
520 3288 574 3346 das
607 3288 676 3346 aber
706 3287 812 3345 dlirfen
840 3287 896 3344 wir
919 3304 977 3344 von
1000 3286 1177 3344 vornherein
1200 3286 1254 3344 mit
1277 3285 1335 3344 Be·

153 3391 331 3449 stimmtheit
366 3396 529 3464 vermuten‚
553 3390 622 3448 dass
656 3408 696 3463 er,
719 3389 771 3448 der
793 3389 892 3447 seiner
913 3387 1092 3464 Biographie
1115 3389 1167 3447 des
1188 3389 1333 3464 jiingeren

153 3493 224 3551 Cato
258 3493 316 3552 den
346 3493 551 3568 Panegyricus
579 3492 631 3550 des
663 3492 814 3550 stoischen
839 3491 1003 3565 Martyrers
1026 3490 1156 3550 Thrasea
1179 3491 1272 3549 Fatus
1295 3508 1334 3548 zu

152 3593 257 3653 Grund
279 3595 378 3670 gelegt
401 3596 459 3667 hat,
483 3595 546 3653 sich
568 3594 617 3652 die
640 3593 766 3667 Quellen
789 3612 824 3651 zu
842 3593 939 3652 seiner
953 3592 1230 3668 Kaisergeschichte
1246 3599 1336 3652 unter

153 3698 210 3756 den
244 3695 584 3772 Gesinnungsgenossen
604 3696 687 3773 jener
713 3696 837 3754 Mdnner
859 3695 987 3770 gesucht
1010 3695 1082 3753 hat».
1127 3695 1232 3769 Ruehl,
1255 3696 1334 3754 Mus,

152 3799 254 3877 Ehem,
278 3818 304 3858 a.
330 3801 421 3873 1901,
444 3819 472 3876 p.
497 3803 575 3859 512:
599 3801 734 3875 »Erwttgt
754 3818 822 3857 man
838 3799 895 3857 den
911 3799 1142 3875 Umgangshreis
1159 3798 1212 3857 der
1227 3799 1333 3857 beiden

146 3893 285 3973 'Manuen
310 3920 343 3961 so
366 3903 443 3960 kann
478 3921 546 3961 man
580 3904 663 3962 nicht
696 3903 842 3977 zweilelm
869 3904 939 3962 dass
963 3903 1084 3962 Tacitus
1109 3903 1170 3961 und
1192 3901 1334 3960 Plutarch

152 4005 216 4063 sich
239 4005 409 4080 persduhch
432 4006 564 4080 gehannt
587 4006 706 4065 haben».
751 4006 852 4065 Minus
876 4007 950 4065 hene
973 4005 1071 4081 Groag
1093 4025 1121 4082 p.
1147 4007 1215 4064 737.

255 4104 279 4184 2)
303 4107 369 4174 Cir.
384 4108 474 4167 Fabia
497 4127 525 4184 p.
549 4110 610 4167 259
634 4126 691 4185 sq.:
716 4108 758 4166 »la
781 4114 847 4184 part
870 4109 923 4168 des
946 4126 1068 4167 sources
1084 4108 1272 4168 seconrlaires
1287 4113 1336 4167 est

152 4212 297 4269 minime».
330 4247 372 4254 -
407 4211 505 4270 »Nous
539 4229 577 4270 ne
610 4218 755 4271 trouvons
796 4211 869 4270 dans
901 4211 928 4269 le
958 4211 1085 4287 premier
1115 4210 1189 4283 livre
1221 4209 1336 4287 qu⁷une
