2978 4800
1251 271 1289 327 91

258 456 369 522 1-7.
427 455 519 523 Cum
562 458 767 540 quaeritur,
811 457 972 524 fueritne
1013 459 1086 525 iam
1127 464 1214 538 tum,
1250 479 1332 526 oum

151 574 317 642 Caecina
344 575 534 643 Placentia
562 577 686 655 movit,
714 575 898 643 Cremona
926 577 963 642 in
991 583 1177 662 potestate
1199 579 1334 646 Vitelli-

150 713 312 762 anorum
354 714 483 776 neone,
525 714 583 762 me
623 696 725 763 haud
766 698 933 782 paenitet
969 718 1097 765 eorum
1125 700 1333 766 sententiae

149 834 246 894 esse,
276 815 342 899 qui
370 814 490 881 fuisse
516 815 734 896 adfirmant;
753 836 829 901 quo
849 817 887 883 in
905 836 1062 885 numero
1082 823 1169 885 sunt
1183 819 1333 886 Momm·

152 934 402 1020 1111111111,
432 934 562 1014 rabia,
594 935 655 1001 ani
670 928 707 1019 1).
756 936 814 1003 Ad
842 937 939 1004 nanc
957 957 1034 1004 rem
1055 938 1332 1005 diiudicandam
1368 914 1370 918 ’

153 1055 355 1140 plurimum
391 1055 494 1121 valet
529 1055 631 1122 locus
669 1056 717 1122 ab
755 1056 900 1123 Hardio
929 1062 965 1124 et
993 1077 1014 1123 a
1041 1058 1160 1124 Fabia
1189 1059 1334 1137 allatus,

150 1178 266 1261 captu
286 1175 578 1241 Pannoniorum
597 1176 728 1243 cohors
747 1177 854 1263 apud
878 1176 1101 1245 Cremonam
1120 1178 1204 1245 Tac.
1222 1179 1259 1245 ΙΙ
1277 1180 1321 1245 17
1325 1229 1332 1242 .

150 1295 249 1361 Nam
287 1294 394 1380 apud
426 1291 649 1363 Cremonam
676 1296 747 1362 hac
774 1296 811 1361 in
840 1315 880 1362 re
908 1296 1042 1363 dicitur
1069 1317 1139 1382 pro
1158 1317 1212 1376 ec,
1231 1298 1332 1382 quod

148 1419 209 1481 est
241 1413 447 1482 Cremonae
460 1406 498 1499 2).
554 1414 683 1500 Neque
711 1417 833 1501 potuit
860 1417 1020 1495 Tacitus
1050 1436 1148 1501 quae
1176 1423 1232 1484 est
1257 1418 1333 1503 opi·

148 1534 214 1601 nio
244 1527 531 1619 Mommsenii3)‚
560 1535 672 1601 huius
700 1537 1018 1622 expugnationem
1037 1537 1167 1621 oppidi
1186 1537 1333 1604 silentio

150 1653 412 1739 praetervehi;
448 1654 575 1738 itaque
612 1654 664 1720 sic
699 1655 1005 1740 interpretandus
1040 1661 1096 1722 est
1128 1656 1231 1723 locus
1259 1657 1331 1736 ille,

149 1778 193 1841 ut
230 1773 283 1839 ibi
321 1791 403 1839 eam
442 1775 722 1840 commemorari
759 1781 879 1859 putes.
936 1775 985 1842 At
1021 1776 1123 1860 quod
1158 1777 1196 1842 ΙΙ
1228 1777 1277 1844 23
1312 1797 1333 1843 a

153 1893 280 1960 Tacito
317 1893 566 1979 significatam
603 1913 685 1962 esse
714 1895 801 1961 dicit
834 1894 1105 1962 Gersteneoker
1133 1915 1168 1981 p.
1202 1897 1261 1974 18,
1288 1897 1332 1962 iis

154 2013 348 2093 refellitur,
391 2032 489 2097 quae
527 2014 627 2099 apud
661 2014 827 2081 Tacitum
855 2020 1065 2100 sequuntur
1093 2017 1130 2082 ΙΙ
1159 2017 1208 2082 24
1237 2017 1332 2083 1111.;

152 2133 348 2221 unpebant
380 2132 585 2201 Caecinam
609 2135 844 2220 nequiquam
872 2136 1004 2202 omnia
1030 2140 1159 2222 coepta
1179 2139 1213 2202 et
1234 2155 1333 2203 sene-

149 2273 258 2321 scens
279 2253 459 2319 eremitas
473 2255 536 2320 sui
551 2254 670 2321 faura.
699 2255 839 2321 Pulsus
852 2255 1063 2335 Placentia,
1080 2256 1199 2323 caesis
1215 2276 1335 2343 nuper

152 2372 314 2440 auxiliis
342 2391 373 2439 e.
403 2392 439 2457 q.
470 2394 498 2439 s.
545 2374 630 2440 Non
658 2375 755 2440 enim
784 2375 842 2440 his
869 2382 945 2441 tam
973 2377 1124 2442 maestis
1142 2376 1333 2462 cogitatio-

155 2484 264 2559 nibus
307 2491 469 2559 Caecina
503 2512 543 2559 se
576 2493 693 2572 daret,
731 2495 762 2559 si
799 2494 949 2578 quidem
988 2493 1210 2561 Cremonam
1251 2514 1333 2579 per·

154 2613 267 2697 paulo
297 2617 384 2679 ante
412 2613 582 2697 cepisset.
639 2613 744 2690 Quae
780 2618 976 2697 praeterea
1009 2620 1138 2680 contra
1165 2621 1332 2681 nostram

152 2732 377 2800 sententiam
423 2731 644 2799 adferuntur
684 2738 856 2817 prompte
896 2732 1161 2800 confutaveris.
1223 2733 1333 2811 Quod

150 2853 251 2919 enim
289 2857 446 2938 propter
474 2854 512 2920 ΙΙ
539 2853 587 2918 22
611 2854 760 2940 pudore
797 2856 947 2939 coeptae
983 2857 1116 2920 temere
1143 2872 1334 2939 oppuqna·

150 2973 282 3051 tionis,
324 2992 371 3039 ne
413 2974 558 3040 inrisus
599 2992 645 3040 ac
686 2992 808 3040 canus
836 2973 957 3040 isdem
977 2974 1112 3040 castris
1141 2974 1335 3040 adsideret

148 3138 357 3150 --—-—-—-

257 3225 283 3301 ¹)
307 3225 366 3285 Cfr.
391 3225 607 3285 Cerstenecker
628 3227 695 3284 adn.
718 3227 773 3301 443
800 3226 887 3284 Fabia
909 3245 937 3302 p.
961 3229 1000 3285 55
1024 3226 1091 3284 adn.
1116 3227 1142 3283 2.

256 3346 280 3421 ²)
304 3345 361 3404 Cir.
384 3344 559 3421 Nipperdey
581 3346 618 3403 ad
640 3347 718 3404 Ann.
742 3346 755 3404 l
778 3349 796 3404 5
820 3351 890 3420 apid
911 3344 1008 3403 urbem
1032 3345 1148 3405 Nouam.

256 3465 280 3538 ³)
303 3466 430 3524 Hermes
454 3465 482 3522 V
503 3484 531 3541 p.
558 3467 616 3524 162
640 3465 706 3523 adn.
726 3467 754 3523 3.
777 3499 812 3508 -
843 3465 957 3523 Dixerit
987 3465 1134 3540 quispiam
1159 3464 1255 3522 verbis
1279 3463 1333 3520 Ta·

151 3569 203 3628 citi
239 3568 268 3627 Il
305 3571 342 3628 17
374 3567 616 3643 florentissimum
647 3567 745 3625 Italiae
778 3566 862 3640 lotus,
885 3572 1027 3642 quantum
1049 3566 1124 3624 inter
1146 3565 1261 3624 Padum
1284 3565 1334 3623 Al-

144 3689 256 3749 pesque
279 3689 447 3746 eamporum
471 3669 646 3742 sturbium,
669 3670 762 3728 armis
790 3668 896 3726 Vitellii
917 3668 1061 3726 tenebatur
1075 3668 1248 3727 Cremonam
1265 3686 1334 3726 con-

150 3775 250 3834 tineri.
294 3773 467 3850 Respondet
501 3771 717 3831 Gerstenecker
749 3790 777 3847 p.
813 3774 828 3829 7
863 3788 927 3847 sqq.
958 3777 1080 3847 propter
1102 3771 1115 3829 Ι
1141 3773 1179 3830 70
1203 3777 1335 3845 transpa-

150 3877 244 3936 danae
265 3876 392 3952 reqionis
413 3875 463 3934 illa
486 3876 522 3934 de
545 3875 609 3933 sola
631 3875 751 3950 regione
773 3874 876 3933 Italiae
893 3875 1050 3933 undecima
1064 3874 1126 3949 (cir.
1143 3874 1216 3932 Plin.
1240 3873 1275 3930 N.
1298 3873 1334 3931 H.

150 3978 198 4040 III
223 3980 296 4050 123)
318 3996 386 4038 esse
407 3978 590 4054 accipienda3
614 3983 645 4036 at
660 3977 834 4036 Cremonam
851 3978 939 4036 sitam
955 3994 1023 4036 esse
1038 3977 1068 4034 in
1085 3977 1206 4050 regione
1221 3976 1335 4034 decima

151 4083 216 4158 (cir.
251 4081 328 4140 Plin.
360 4079 396 4138 N.
419 4080 455 4138 H.
478 4079 524 4137 ΙΙΙ
549 4081 628 4154 130).
674 4078 732 4138 Sed
766 4079 907 4155 quoniam
941 4079 1086 4137 Cremona
1109 4079 1242 4154 proxime
1265 4061 1335 4134 oon-¹

151 4185 258 4244 finium
288 4189 360 4256 erat,
387 4183 533 4242 incertum
558 4188 604 4240 est
626 4201 663 4240 an
687 4180 904 4241 Gersteneclrer
926 4183 998 4239 liaeo
1021 4180 1112 4239 Taciti
1136 4180 1223 4238 rerba
1246 4179 1334 4236 nimis

151 4287 291 4364 angustis
314 4285 582 4360 circumscripserit
604 4285 722 4342 finibus.
