2978 4800
197 275 256 334 120

152 467 333 533 derantur
361 467 516 533 occessit
544 487 669 534 recens
697 467 887 533 otacilium
915 471 951 533 et
977 468 1033 534 ita
1053 469 1218 535 uictores
1239 469 1333 535 latin

152 587 320 653 laertium
357 587 507 665 iiinecti,
546 606 637 653 sane
674 591 963 653 consentaneum
992 587 1028 655 id
1058 593 1115 655 est
1145 589 1264 655 huius
1291 589 1334 654 in-

151 707 265 793 genio
300 707 503 791 scriptoris,
534 707 598 791 qui
625 706 940 773 continuationem
968 707 1184 792 seriemque
1214 728 1333 775 rerum

151 846 285 911 parum
301 827 508 893 attendere
536 818 782 910 consuevit1).
829 825 902 902 oui
929 845 1027 911 quae
1061 827 1243 912 pluribus
1264 848 1334 895 ver-

152 946 210 1012 bis
251 945 437 1024 disseruit,
477 947 565 1030 quia
602 946 789 1012 levissima
824 951 922 1024 sunt,
951 946 1043 1012 inde.
1065 966 1145 1013 non
1175 947 1333 1014 efficitur

153 1071 341 1133 auctorem
369 1085 599 1132 communem
628 1085 710 1132 esse
737 1065 943 1150 inspectum
955 1057 991 1143 ²).

255 1185 408 1253 36--39
434 1191 470 1253 et
494 1185 661 1252 39---42.
709 1184 811 1251 Haec
831 1204 850 1251 e
869 1187 972 1253 tonte
990 1188 1180 1253 communi
1202 1189 1330 1255 hausta

152 1325 234 1372 esse
262 1305 376 1372 fidem
403 1307 492 1372 facit
519 1305 637 1372 Fabia
665 1325 701 1390 p.
732 1306 781 1372 73
810 1325 865 1391 sq.
881 1298 919 1390 ³).
963 1306 1094 1391 Neque
1115 1307 1190 1374 hoc
1212 1307 1330 1376 absur-

152 1425 240 1490 dum
277 1432 343 1504 est,
380 1427 556 1510 quoniam
594 1426 630 1492 in
668 1425 713 1491 iis
747 1444 845 1510 quae
873 1425 979 1492 brevi
1008 1431 1093 1510 post
1123 1435 1329 1513 sequuntur

152 1545 211 1629 (O.
254 1547 300 1612 13
340 1565 372 1610 v.
405 1547 427 1611 7
463 1546 562 1631 sqq.)
603 1564 834 1612 communem
876 1549 1062 1612 auctorem
1110 1547 1328 1616 Plutarchus

152 1666 282 1748 procul
311 1665 426 1733 dubio
456 1665 637 1731 adhibuit.

256 2003 278 2077 ¹)
313 2004 371 2062 Cir.
400 2002 704 2062 Gersteneclreradn.
730 2003 853 2062 781511.
897 2003 982 2061 Falso
1005 2003 1078 2061 haee
1100 2007 1218 2080 premit
1243 2007 1326 2081 Groag

154 2124 181 2180 p.
208 2108 276 2164 759.

254 2223 280 2301 21
301 2220 464 2303 Ἐμπειρίαν
484 2259 517 2267 -
536 2225 676 2298 δοκοῦσιν,
699 2219 752 2287 εἰσὶ
774 2221 803 2286 δὲ
820 2259 860 2268 -
875 2224 1088 2306 περιρρεομένρν
1110 2225 1202 2301 (num
1222 2231 1327 2306 equites

153 2327 274 2384 fuerunt
297 2326 325 2383 hi
350 2327 471 2384 Batavi?
496 2327 552 2385 rid.
576 2326 685 2385 Nissen
710 2345 737 2402 p.
762 2328 832 2397 505,
848 2326 1146 2386 Gerstenecheradn.
1166 2333 1219 2405 78,
1237 2332 1327 2404 narn

152 2447 179 2504 p.
212 2431 282 2501 ⁴259,
318 2429 405 2486 Fabio
435 2448 462 2504 p.
491 2431 552 2488 226
579 2430 647 2487 adn.
678 2431 705 2501 1,
731 2429 874 2487 Woellllin
896 2430 915 2486 1.
938 2424 1119 2504 1.),τούτους
1142 2466 1187 2475 -
1211 2438 1330 2497 πλεῖστοι

151 2533 199 2606 (de
222 2527 273 2610 μὲν
297 2578 302 2588 .
327 2578 332 2588 .
358 2578 363 2589 .
387 2531 414 2593 οἱ
436 2530 469 2593 δέ
488 2534 540 2590 cfr.
563 2529 731 2610 Praefatio).

253 2649 277 2725 3)
301 2651 343 2708 De
367 2670 393 2709 r.
417 2653 557 2711 36-39:
591 2651 767 2728 »Plutarqne
788 2658 834 2711 est
857 2653 1067 2712 certainement
1097 2653 1173 2713 dans
1202 2641 1332 2716 l'errenr.

149 2753 189 2812 Et
212 2753 239 2811 la
262 2771 351 2812 cause
374 2753 411 2812 de
434 2771 486 2812 son
517 2772 617 2813 errem·
639 2762 684 2813 est
707 2755 782 2812 (lans
804 2773 862 2813 une
885 2755 992 2831 phrase
1015 2755 1051 2814 de
1075 2756 1100 2812 la
1124 2773 1247 2827 source,
1270 2778 1332 2818 ana·

151 2856 240 2930 logne
264 2858 280 2913 a
302 2856 415 2915 celle-oi
441 2857 478 2915 (le
500 2856 600 2915 Tacite
624 2857 702 2932 (44);
737 2857 776 2915 m
797 2857 891 2915 media
912 2857 971 2916 acie
987 2863 1129 2933 perrupta
1151 2859 1258 2936 supere
1270 2881 1333 2938 pas·

149 2958 207 3015 sini
247 2958 413 3016 Othoniani.
459 2959 559 3017 Tacite
592 2967 621 3017 et
643 2959 671 3017 la
694 2977 799 3018 source
832 2959 982 3018 roulaient
1004 2961 1067 3019 dire
1089 2978 1148 3036 que
1171 2962 1202 3020 la
1227 2965 1333 3023 delaite

123 3056 189 3117 'du
224 3067 322 3119 centre
355 3063 401 3118 fut
425 3062 452 3119 le
476 3062 571 3136 signal
595 3062 632 3120 de
655 3063 682 3119 la
705 3063 876 3121 (lebandade
909 3063 1049 3137 generale
1072 3081 1147 3138 pour
1169 3064 1218 3124 les
1244 3065 1333 3126 Otho-

150 3163 243 3218 niens.
288 3162 452 3238 Plutarque
474 3183 491 3220 a
513 3165 642 3239 compris
675 3183 733 3240 que
766 3164 793 3222 le
822 3169 922 3222 oentre
953 3165 1005 3223 des
1028 3162 1197 3225 Othoniens
1225 3169 1287 3244 prit
1309 3169 1334 3226 la

150 3264 224 3320 luite
258 3281 294 3320 en
325 3264 473 3322 desordre.
518 3265 558 3324 Oe
592 3265 669 3324 n’est
703 3284 756 3341 pas
791 3283 841 3324 sur
873 3265 900 3324 la
926 3267 1033 3341 phrase
1052 3271 1148 3326 meme
1170 3269 1210 3328 de
1235 3270 1334 3330 Tacite

149 3361 222 3439 qn'il
257 3385 273 3421 a
308 3366 359 3422 tait
390 3384 444 3424 son
476 3373 659 3440 contresens,
694 3369 767 3425 mais
802 3385 854 3426 sur
887 3386 946 3426 une
980 3368 1088 3445 phrase
1117 3370 1269 3447 analogue
1299 3374 1334 3431 (le

149 3467 176 3523 la
207 3485 320 3536 source.
348 3471 386 3525 orl
416 3469 437 3525 il
470 3469 541 3527 etait
574 3470 617 3527 dit
651 3489 708 3546 que
735 3471 761 3528 le
788 3477 889 3528 eentre
911 3471 983 3528 etait
1007 3471 1099 3530 forme
1123 3490 1176 3547 par
1201 3474 1248 3534 les
1268 3479 1333 3552 pre·

150 3569 283 3627 tenens».
328 3571 480 3645 lgnariam
504 3573 756 3647 praetorianorum
775 3572 953 3632 Plutarchus
977 3591 1033 3632 sua
1056 3581 1164 3649 sponte
1186 3577 1219 3635 in
1236 3579 1333 3636 maius

148 3671 265 3729 extollit
289 3667 436 3752 (αἴσχιστα
458 3667 588 3748 πάντων)
612 3675 690 3732 sicut
713 3673 745 3733 Ο.
769 3677 786 3734 5
812 3693 838 3732 v.
863 3677 901 3733 28
926 3692 1008 3751 sqq.;
1026 3675 1078 3736 ch.
1097 3673 1130 3734 (l.
1149 3679 1167 3735 9
1184 3696 1214 3737 r.
1233 3682 1252 3738 2
1270 3698 1334 3757 sqq.

149 3771 246 3846 Grong
270 3792 297 3848 p.
322 3775 381 3832 759
405 3775 472 3833 adn.
497 3777 514 3834 2
540 3776 656 3834 Fabiam
681 3777 755 3835 male
782 3777 981 3852 reprehendit.
1008 3812 1047 3821 -
1070 3778 1144 3837 Dato
1167 3780 1237 3853 hoc,
1261 3783 1333 3841 dan-

148 3876 220 3932 dum
254 3883 301 3933 est
328 3876 411 3942 illud,
436 3896 462 3936 v.
486 3881 610 3936 39-42
633 3897 650 3937 e
672 3880 822 3937 communi
856 3879 936 3938 fonte
968 3881 1102 3953 fluxisse,
1137 3899 1241 3960 neque
1265 3886 1334 3944 licet

148 3984 268 4035 auctore
291 3977 460 4036 Hermanno
485 3980 612 4055 Hauptio
628 3981 744 4057 (Philol.
762 3982 948 4054 Rundschau,
964 4003 989 4040 a.
1007 3985 1096 4054 1881,
1113 4001 1140 4058 p.
1155 3986 1233 4063 956)
1251 3996 1334 4047 ortos

149 4087 256 4154 putare
279 4098 317 4138 ex
340 4081 416 4139 male
439 4082 600 4140 intellectis
619 4090 644 4140 et
657 4084 753 4142 inedia
774 4084 833 4142 acie
842 4090 982 4159 perrupta
996 4085 1093 4161 sapere
1103 4087 1225 4160 possim
1249 4090 1336 4151 Otho

149 4181 234 4238 niani
257 4182 428 4240 Bedriacum
448 4189 579 4258 petentes
626 4186 766 4246 Muenzer
788 4205 815 4263 p.
840 4189 900 4245 325
925 4189 1039 4246 confert
1062 4187 1104 4245 Ill
1128 4189 1146 4246 2
1171 4189 1249 4251 duae
1270 4200 1338 4253 turra

149 4282 334 4342 Pannonicae
356 4304 389 4343 ac
408 4285 545 4344 Moesicae
559 4288 620 4345 aiae
631 4306 786 4364 perrupere
800 4289 917 4348 hostem.
