2978 4800
161 435 262 513 ἐκείνῳ
295 432 380 516 μηδὲν
411 431 563 516 ἀργυροῦν,
585 428 663 497 ἀλλὰ
690 457 732 496 κε-

162 532 261 617 ράμεα
277 530 374 599 πάντα
390 537 561 618 προσφέρειν
576 531 625 597 καί
639 560 733 614 παρα·

162 638 280 701 τιθέναι
301 633 371 707 τοὺς
392 632 535 719 ὑπηρέτας
550 686 557 700 .
573 686 580 700 .
597 637 629 715 ,1)

268 899 374 966 2-9.
406 899 509 966 Haec
524 918 615 965 vero
630 899 778 985 gemina
795 905 831 965 et
846 899 1030 966 simillima
1046 919 1128 966 esse
1144 893 1350 986 apparet²);:

165 1038 288 1104 neque
316 1020 520 1104 quicquam
547 1019 714 1104 impedit,
743 1038 819 1104 quo
848 1019 971 1086 minus
1007 1040 1122 1086 unum
1152 1024 1217 1087 aut
1247 1025 1348 1087 certe

162 1139 400 1224 potissimum
415 1138 639 1205 Plutarchus
660 1144 808 1205 secutus
829 1140 877 1206 sit
895 1139 1025 1206 ducem
1042 1139 1220 1207 Tacitum.
1250 1140 1345 1206 Nam

161 1258 267 1344 quod
294 1259 388 1324 haec
416 1264 452 1324 et
479 1277 577 1343 quae
606 1263 815 1344 sequuntur
844 1264 930 1326 ante
958 1264 1113 1326 mortem
1139 1259 1238 1326 Vinii
1262 1280 1345 1326 nar·

161 1383 296 1444 rantur
324 1397 345 1443 a
373 1377 585 1458 Plutarcho
615 1385 701 1463 post
729 1398 749 1444 a
779 1379 914 1458 Tacito,
937 1399 1013 1465 quo
1041 1380 1247 1446 communis
1267 1379 1350 1446 ion·-

161 1499 209 1566 tis
239 1502 463 1584 argumento
491 1497 609 1564 Fabia
638 1518 672 1584 p.
700 1498 751 1565 94
779 1499 908 1578 utitur,
929 1500 966 1566 id
994 1500 1133 1566 nullius
1161 1518 1244 1566 esse
1272 1519 1348 1565 mo·

162 1617 279 1684 menti
307 1636 436 1684 omnes
464 1619 679 1685 concedent.
720 1619 779 1684 An
809 1638 899 1685 vero
925 1618 1149 1686 Plutarchus
1174 1620 1344 1687 ordinem

162 1737 284 1803 Taciti
323 1737 413 1803 nihil
455 1743 599 1818 mutare
626 1730 811 1824 potuiti3)
866 1739 916 1805 At
944 1739 1091 1806 Tacitus
1128 1740 1344 1806 circuitione

166 1855 331 1942 quadam
365 1857 576 1924 pretatione
604 1861 813 1944 temperant
841 1859 941 1938 dicit,
971 1859 1087 1925 multo
1116 1865 1240 1925 autem
1267 1859 1344 1944 pla·

164 1977 249 2042 nius
288 1975 512 2043 Plutarchus
549 1977 690 2048 ἐκείνου
718 1976 756 2046 di·
785 1969 1055 2061 ἀποθανόντος
1081 1971 1230 2071 εὐτυχίᾳ
1254 2001 1344 2073 χρη-

162 2087 333 2186 σάμενος.
389 2095 467 2182 (Sic
502 2095 621 2162 Fabia
654 2116 690 2182 p.
720 2097 783 2177 94,
814 2097 1011 2163 Andresen
1040 2117 1075 2183 p.
1106 2097 1210 2182 433.)
1267 2096 1343 2164 Sed

159 2216 375 2282 mutatione
407 2219 628 2303 temporam,
657 2236 755 2302 quae
784 2217 901 2284 verba
929 2237 1005 2284 non
1033 2218 1146 2284 semel
1175 2217 1221 2284 de
1250 2236 1344 2283 mor-

157 2335 261 2402 tibus
291 2333 496 2402 Caesarum
525 2337 800 2422 euphemistice‚
818 2342 859 2405 ut
878 2357 977 2404 nunc
1005 2338 1140 2417 dicunt,
1159 2341 1342 2423 usurpata

161 2458 252 2520 sunt
290 2453 455 2541 (repperi
498 2457 598 2542 apud
643 2457 874 2537 Suetonium,
918 2457 1003 2523 Ner.
1034 2459 1056 2523 5
1085 2457 1153 2524 sab
1196 2477 1342 2524 ecccssa

169 2572 294 2640 Tiberi
318 2594 416 2655 reas,
447 2577 656 2643 matutinae
689 2580 898 2662 temporam
927 2578 1073 2661 evasit),
1104 2595 1226 2662 neque
1255 2582 1342 2643 sunt

160 2693 348 2762 intellectu
384 2695 550 2763 difficilia
584 2703 621 2764 et
648 2696 781 2762 mirum
810 2701 990 2781 quantum
1020 2689 1251 2782 respondent
1278 2716 1344 2762 vo-

155 2813 265 2880 cibus
293 2814 483 2883 Plutarchi
510 2809 659 2909 εὐιυχίᾳ
683 2809 926 2912 χρησάμενος.
970 2816 1080 2893 Quod
1110 2822 1233 2883 autem
1257 2816 1343 2883 Plu·

155 2933 313 3000 tarehus
341 2953 362 3001 a
393 2934 503 3002 Vinio
531 2937 779 3003 introductam
808 2936 846 3001 in
874 2941 996 3002 castra
1026 2935 1227 3003 Calvisiam
1256 2937 1342 3002 scri·

154 3052 213 3119 bit
254 3053 454 3140 minusque
496 3055 713 3122 dubitanter
741 3075 852 3142 quam
883 3055 1032 3122 Tacitus
1059 3056 1208 3122 Vinium
1238 3056 1342 3123 adul-

158 3172 242 3238 terii
271 3179 431 3254 accusat,
452 3175 571 3260 ipsius
599 3175 860 3262 neglegentiae
889 3175 1129 3242 tribuendum
1150 3181 1221 3257 est3
1250 3176 1338 3243 item

260 3527 284 3606 1)
308 3530 366 3589 Cir.
391 3530 471 3590 Suet.
495 3530 597 3590 (llaml.
621 3533 660 3590 32
697 3532 843 3605 Convivae,
865 3532 917 3607 qai
936 3531 1030 3606 pridie
1052 3531 1192 3608 scyphum
1215 3549 1339 3589 caream

151 3631 336 3707 subripuisse
366 3634 594 3704 existimabatur,
617 3639 742 3692 reuocato
763 3635 797 3692 ia
819 3635 895 3692 diem
915 3640 1063 3708 posterum
1084 3634 1198 3692 calicem
1220 3633 1339 3708 fictilem

150 3734 300 3810 apposuit.

259 3853 284 3930 ²)
307 3854 353 3914 Ex
388 3861 432 3914 tot
466 3861 587 3933 tamque
610 3857 782 3933 conspicuis
806 3855 1053 3915 similitudinibus
1077 3874 1165 3914 unam
1194 3856 1266 3914 satis
1289 3863 1337 3914 est

150 3957 299 4033 proferre:
323 3957 357 4016 ia
378 3958 454 4034 ipsis
470 3959 669 4035 principiis
691 3965 827 4035 stuprum
848 3978 923 4017 ausa
947 3964 989 4018 est
1010 3965 1041 4018 et
1056 3958 1218 4039 διέφθειρεν
1233 3957 1261 4020 ἐι
1276 3965 1337 4025 τοῖς

150 4054 291 4138 ἀρχείοις,
314 4054 334 4122 ἂ
356 4061 538 4141 πριγκίπια
560 4061 681 4124 καλοῦσι
700 4055 844 4141 Ῥωμαῖοι.
877 4061 935 4120 Cir.
949 4061 1108 4131 Woelfflin,
1131 4061 1233 4135 Comp.
1245 4078 1273 4134 p.
1287 4061 1337 4117 14.

258 4177 281 4252 ³)
304 4177 382 4251 Quid
416 4181 473 4239 hoo
501 4181 566 4239 loco
588 4187 656 4255 agat
678 4180 860 4239 Plutarchus
883 4199 997 4257 curque
1019 4180 1168 4257 deVinio
1191 4178 1334 4254 quaedam

151 4299 169 4339 a
195 4278 297 4340 Tacito
319 4281 435 4358 prolata
457 4283 583 4355 omittat,
608 4283 755 4342 Woelfflin
778 4282 881 4359 Comp.
905 4302 932 4359 p.
956 4286 992 4342 13
1016 4284 1091 4342 bene
1113 4281 1253 4357 explicat.
