2978 4800
1254 250 1293 308 25

774 432 941 491 discrimine
963 434 1045 491 sirmi
1061 435 1226 509 principem
1249 454 1337 510 qnam

774 553 881 609 quaeri.

197 673 327 732 35-37
359 667 476 750 πρῶτος
503 664 618 753 Φάβιος
643 663 722 733 odi-
817 674 830 732 Ι
854 676 892 733 57
922 674 1063 732 Ρνονιῖαια
1086 674 1206 750 iepionis
1224 676 1338 750 primae

152 777 211 854 λης,
248 765 360 854 ἡγεμὼν
397 763 458 843 ἑνὸς
493 766 654 853 τάγματος,
685 771 722 854 τῇ
773 774 892 833 tiberne
913 781 994 833 erant
1016 781 1041 834 et
1057 776 1337 851 pnomptissimnse

153 869 297 956 ὑστεραίᾳ
344 870 418 953 μετὰ
462 873 569 937 ἱππέων
613 873 723 954 συχνῶν
774 877 872 952 tepetis
893 878 1003 936 Fabias
1024 878 1135 936 Valens.
1165 879 1195 936 Is
1209 879 1255 936 die
1266 898 1337 954 pro-

153 971 264 1046 ἕλοίσας
296 969 501 1059 αὐτοκράτορα
529 969 579 1038 sir
608 972 723 1040 otten-
773 979 853 1036 ninia
865 979 1006 1037 coloniam
1017 980 1260 1055 Aprippinensem
1271 999 1338 1038 σανα

152 1079 213 1139 λιον
235 1086 396 1158 προσεῖπεν.
773 1081 916 1156 eqnitibns
947 1081 1067 1156 iepionis
1097 1081 1336 1140 anicitiariornm·

774 1202 827 1258 qne
848 1185 998 1259 inpressns
1024 1185 1225 1260 imperatorem
1254 1185 1338 1243 Vitel-

774 1285 848 1343 iinm
870 1286 1067 1344 consolatorit.

197 1419 326 1477 37—39
355 1411 385 1479 ‘0
416 1414 446 1480 di
472 1411 528 1487 τοὶς
549 1414 601 1497 μὲν
621 1417 722 1500 ipepo-
817 1421 892 1480 152
921 1422 1107 1490 Qnatiebatnr
1128 1423 1175 1481 teis
1193 1441 1277 1498 scpne
1291 1423 1337 1480 in.-

152 1527 227 1582 σθεν
249 1513 358 1600 ἡμέρας
372 1513 468 1582 ἐδόκει
484 1524 659 1583 διωθεῖσθαι
674 1515 722 1582 rai
771 1524 901 1598 peninm,
936 1530 969 1582 nt
1001 1526 1207 1601 concrepisceret
1242 1525 1338 1601 neopis

151 1614 342 1683 ἀναδύεσθαι
363 1614 397 1684 τὸ
419 1620 543 1702 μέγεθος
563 1620 615 1702 τῆς
633 1617 723 1704 ἀρχῆς
775 1645 862 1702 qnam
884 1632 918 1684 nt
934 1633 1067 1702 speraret.

151 1715 345 1803 φοβούμενος,

199 1858 323 1916 39-42
358 1851 427 1919 τότε
460 1858 493 1920 δέ
523 1882 613 1938 φασιν
645 1856 721 1924 οἴνου
817 1868 830 1925 Ι
854 1869 893 1926 62
921 1867 1055 1941 Torpcbat
1079 1865 1208 1923 Vitellius
1229 1872 1255 1922 et
1276 1863 1336 1938 for-

155 1952 301 2021 διάπλεοον
322 1954 372 2020 καὶ
393 1958 504 2040 τροφῆς
525 1954 596 2023 ὄντα
618 1986 721 2044 μεσημ-
775 1975 877 2027 taceam
893 1969 1079 2044 principatus
1101 1965 1188 2024 inerti
1210 1965 1282 2022 innn
1304 1984 1337 2022 ac

152 2059 251 2142 βρινῆς
286 2066 439 2144 προελθεῖν
476 2057 525 2124 καὶ
556 2057 721 2127 ὑπακοῦσαι
767 2071 900 2147 prodipis
914 2070 1007 2146 epniis
1014 2068 1224 2145 praesumebat,
1240 2067 1333 2124 medio

152 2160 336 2243 Γερμανικὸν
361 2158 453 2242 ὄνομα
479 2164 609 2243 θεμένων
631 2161 721 2244 αὐτῷ,
772 2174 830 2232 diei
841 2174 1013 2232 remeantes
1025 2178 1049 2230 et
1060 2172 1164 2246 sepina
1175 2170 1292 2245 praeis.
1309 2215 1315 2227 .
1331 2214 1337 2226 .

149 2257 188 2327 τὸ
220 2259 250 2326 di
281 2263 436 2342 Καίσαρος
465 2261 498 2327 οὐ
528 2263 721 2349 προσδεξάμε-
772 2276 889 2334 nominc
917 2275 1084 2335 Germanici
1109 2273 1216 2331 Vitellio
1238 2272 1335 2330 statim

150 2365 242 2443 Wi·
772 2379 884 2437 addito:
933 2379 1082 2436 Caesarem
1125 2395 1155 2433 se
1198 2375 1337 2450 appeitnri

772 2481 859 2537 etiam
882 2481 970 2538 victor
986 2479 1147 2554 prohibuit.

200 2606 323 2665 42-45
341 2599 442 2675 Εὐθὺς
465 2603 494 2668 δὲ
517 2602 566 2669 καὶ
588 2602 623 2669 τὸ
644 2603 718 2686 μετὰ
815 2616 828 2673 Ι
851 2618 890 2674 57
915 2620 940 2672 et
957 2615 1089 2690 superior
1110 2613 1257 2683 exercitas,
1273 2631 1336 2686 spc-

158 2701 300 2770 Φλάκκον
330 2702 500 2790 στράτευμα
526 2707 593 2780 τοὺς
615 2706 720 2780 καλοὺς
770 2718 857 2777 ciosis
889 2722 1007 2775 senatus
1027 2716 1186 2792 populique
1209 2714 1337 2772 Romani

150 2809 276 2881 ἐκείνους
291 2807 340 2872 καὶ
355 2806 584 2892 δημοκρατικοὺς
598 2812 638 2882 εἰς
653 2807 719 2895 oriy·
770 2820 941 2878 noneinibns
963 2819 1077 2890 relictis,
1103 2816 1219 2876 tertiam
1242 2835 1336 2875 noeros

148 2917 256 2993 κλητον
295 2907 398 2995 ὅρκους
438 2909 561 2993 ἀφέντες
600 2909 719 2995 ὤμοσαν
771 2921 930 2980 Ianuarias
958 2921 1068 2979 Vitellio
1090 2919 1212 2978 accessit.

151 3010 313 3093 Οὖίτελλίῳ
327 3014 370 3092 τῷ
385 3009 580 3096 αὐτοκράτορι
591 3011 719 3096 ποιήσειν

148 3108 185 3180 τὸ
203 3110 465 3197 προστασσόμενον
471 3118 505 3195 ²).

260 3366 362 3432 Haec
402 3368 527 3434 omnia
569 3348 658 3455 quin
699 3370 922 3437 Plutarchus
952 3390 973 3436 a
1001 3370 1128 3435 Tacito
1166 3368 1333 3446 traxerit,

150 3485 329 3571 equidem
357 3507 433 3553 non
462 3487 603 3555 dubito.
657 3490 750 3555 Toto
779 3490 875 3556 enim
903 3490 1024 3574 capite
1053 3507 1197 3554 summa
1224 3487 1335 3572 perti-

150 3611 217 3673 net
253 3607 449 3673 consensio
484 3627 567 3673 cum
603 3609 641 3674 in
673 3609 788 3675 rebus
816 3609 999 3694 eligendis
1028 3613 1064 3674 et
1091 3606 1335 3692 disponendis

258 3941 283 4018 ¹)
306 3945 364 4004 cn.
388 3944 468 4004 Suet.
493 3946 551 4003 Vit.
575 3948 593 4004 8
616 3964 771 4020 copnomcn
799 3945 966 4004 Germanici
987 3945 1112 4003 dotatam
1134 3946 1168 4003 ab
1191 3943 1335 4001 universis

149 4047 254 4123 cupide
275 4048 386 4122 recepit,
411 4048 538 4122 Anpnsti
559 4046 678 4119 distulit,
705 4048 837 4107 Caesaris
858 4047 892 4106 in
908 4053 1081 4123 perpetnnm
1103 4047 1249 4105 recnsaoit.

259 4167 285 4243 2)
316 4166 374 4225 cn.
398 4166 479 4226 Suet.
503 4167 563 4225 Vit.
588 4169 606 4225 8
633 4167 829 4226 Consentiente
857 4167 957 4225 deinde
979 4167 1065 4224 etiam
1087 4165 1245 4240 superioris
1265 4182 1332 4239 pro-

150 4269 264 4330 vinciae
286 4269 419 4341 exercita,
442 4269 495 4345 qni
511 4269 599 4344 prins
620 4288 639 4326 a
666 4269 755 4327 Getta
777 4267 818 4328 ad
839 4274 975 4327 senatnm
996 4269 1138 4343 [lenierat.
