2978 4800
1186 266 1223 322 91

193 457 303 522 1-7.
361 454 454 522 Cum
496 455 701 540 quaeritur,
744 454 906 521 fueritne
947 455 1020 521 iam
1061 460 1149 532 tum,
1184 475 1266 522 cum

87 575 251 643 Caecina
278 575 468 642 Placentia
496 575 621 653 movit
649 573 833 642 Cremona
861 575 897 639 in
925 579 1111 659 potestate
1133 574 1269 642 Vitelli·

85 714 246 762 anorum
289 713 418 774 necne,
459 714 518 761 me
558 694 660 762 haud
700 695 867 779 paenitet
903 714 1031 762 eorum
1060 695 1268 762 sententiae

84 834 181 894 esse,
212 815 277 899 qui
305 813 425 881 fuisse
451 813 668 894 adfirmant;
688 833 764 899 quo
784 815 997 881 innumero
1017 819 1104 882 sunt
1118 815 1268 881 Momm·

85 955 163 1014 sen,
191 934 337 1020 Hardy‚
367 933 497 1012 Fabia,
528 933 590 1000 alii
605 926 642 1018 l).
690 934 749 1001 Ad
777 934 874 1001 hanc
892 954 969 1001 rem
989 935 1268 1001 diiudicandum

87 1055 290 1142 plurimum
326 1055 428 1120 valet
464 1054 567 1120 locus
605 1053 652 1120 ab
690 1053 835 1121 Hardio
864 1058 900 1121 et
928 1073 949 1120 a
976 1054 1095 1120 Fabia
1124 1054 1269 1132 allatus,

85 1179 201 1263 capta
222 1174 513 1241 Pauuouiorum
532 1175 663 1242 cotors
682 1173 789 1261 apud
812 1173 1035 1242 Cremonam
1055 1175 1139 1240 Tac.
1157 1174 1194 1239 Π
1212 1175 1268 1240 17.

86 1295 185 1362 Nam
222 1294 329 1379 apud
362 1290 584 1363 Cremonam
611 1293 682 1360 hac
709 1294 746 1360 in
775 1313 815 1360 re
843 1293 977 1360 dicitur
1005 1313 1074 1378 pro
1093 1312 1147 1371 ec,
1166 1293 1268 1378 quod

85 1420 145 1482 est
177 1405 433 1499 Cremouae‘2).
489 1413 619 1498 Neque
646 1414 768 1499 potuit
795 1413 956 1492 Tacitus,
985 1432 1083 1499 quae
1111 1419 1168 1480 est
1192 1413 1269 1498 opi·

85 1535 151 1601 nio
179 1526 466 1618 Mommsenii3),
495 1532 607 1599 huius
635 1534 952 1620 expugnationem
973 1533 1103 1618 oppidi
1122 1533 1269 1599 silentio

87 1653 347 1740 praetervehi3
384 1653 511 1738 itaque
548 1653 600 1718 sic
634 1652 941 1737 interpretandus
976 1658 1032 1718 est
1063 1652 1167 1719 locus
1195 1652 1267 1731 ille,

87 1779 130 1842 ut
168 1773 219 1840 ibi
257 1791 339 1839 eam
377 1773 658 1839 commemorari
695 1777 815 1857 putes.
872 1773 921 1838 At
957 1772 1059 1857 quod
1094 1773 1132 1838 Π
1164 1773 1213 1839 23
1247 1791 1269 1838 a

90 1895 217 1961 Tacito
254 1892 502 1979 significatam
539 1912 621 1959 esse
649 1892 737 1959 dicit
770 1891 1042 1959 Gerstenecker
1069 1911 1104 1977 p.
1138 1892 1196 1969 18,
1224 1892 1268 1958 iis

94 2013 284 2092 refellitur,
327 2031 425 2098 quae
463 2012 564 2098 apud
597 2013 763 2078 Tacitum
792 2015 1001 2096 sequuntur
1029 2013 1066 2078 ΙΙ
1095 2012 1144 2077 24
1173 2012 1268 2077 init:

92 2134 284 2221 aupebaut
317 2133 521 2201 Caecinam
545 2133 780 2219 nequiquam
808 2131 940 2199 amuia
966 2136 1096 2218 coepta
1115 2135 1149 2198 et
1171 2151 1269 2197 seue·

88 2273 195 2322 eceue
216 2253 396 2320 eremitas
410 2255 473 2320 eui
488 2253 606 2320 fama.
636 2253 775 2320 Pulsus
789 2253 1000 2331 Placentia,
1016 2252 1136 2319 caesis
1151 2270 1271 2337 auper

90 2373 251 2441 auxiliis
279 2391 310 2440 e.
340 2393 376 2458 q.
406 2392 435 2439 s.
482 2373 566 2439 Non
595 2373 692 2439 enim
720 2373 778 2438 his
806 2377 882 2439 tam
909 2373 1060 2439 maestis
1079 2371 1270 2458 cogitatio·

91 2486 203 2561 nibus
245 2492 406 2561 Caecina
440 2512 480 2559 se
512 2491 630 2570 daret,
668 2493 699 2558 si
735 2492 886 2576 quidem
925 2490 1147 2558 Cremonam
1188 2509 1270 2575 per-

89 2614 205 2699 paulo
235 2618 321 2679 ante
349 2612 519 2696 cepisset.
576 2611 681 2688 Quae
717 2616 914 2696 praeterea
945 2616 1075 2676 contra
1103 2616 1269 2677 nostram

89 2733 314 2800 sententiam
359 2731 582 2798 adferuntur
621 2735 793 2816 prompte
833 2729 1099 2797 confutaveris.
1159 2728 1270 2806 Quod

89 2854 189 2920 enim
226 2857 383 2938 propter
411 2853 449 2919 ΙΙ
476 2852 524 2918 22
547 2852 697 2937 pudore
733 2854 884 2936 coeptae
920 2854 1053 2917 temere
1080 2868 1271 2935 oppupua·

90 2973 219 3052 tionis,
262 2992 308 3040 ue
350 2973 495 3039 imisue
537 2992 582 3039 aa
623 2990 746 3038 cauus
773 2971 894 3037 isdem
914 2970 1050 3038 castris
1078 2969 1272 3036 adsideret

88 3139 295 3150 —.,.——....-

195 3225 221 3301 1)
245 3226 304 3285 Cir.
329 3225 545 3285 Cerstenecker
566 3226 633 3283 adn.
655 3225 711 3299 443
737 3224 825 3282 Fabia
847 3241 875 3300 p.
898 3225 938 3281 55
961 3221 1029 3280 adn.
1053 3222 1081 3279 2.

194 3347 218 3421 ²)
242 3346 300 3404 Cir.
322 3344 497 3421 Nipperdey
519 3345 555 3402 ad
578 3346 656 3402 Ann.
680 3344 693 3401 Ι
716 3347 734 3402 5
757 3349 828 3418 aput
848 3341 946 3399 itrbem
970 3340 1086 3400 Nolam.

194 3466 218 3538 ³)
241 3465 368 3524 Hermes
393 3463 419 3520 V
442 3483 469 3540 p.
496 3465 554 3523 162
578 3464 644 3521 adn.
664 3465 692 3521 3.
715 3497 750 3506 —-
780 3461 895 3520 Dixerit
925 3460 1072 3536 quispiam
1097 3459 1193 3517 verbis
1217 3458 1272 3516 Ta·

91 3569 143 3628 citi
177 3568 207 3626 11
244 3570 281 3628 17
313 3567 554 3643 florentissimum
585 3565 684 3624 Italiae
716 3565 800 3637 latus,
823 3568 966 3639 qirautum
987 3562 1062 3619 iuter
1084 3561 1199 3619 Padum
1222 3560 1273 3618 At

85 3690 195 3749 pesque
218 3688 385 3746 camporum
410 3674 434 3726 et
456 3668 584 3740 urbium,
607 3667 701 3725 armis
729 3666 834 3724 Vitellii
856 3665 999 3723 leuabatur
1013 3664 1187 3723 Cremonam
1203 3680 1272 3722 con-

91 3774 189 3834 tineri.
232 3773 406 3850 Respondet
440 3770 655 3830 Gerstenecker
687 3787 715 3845 p.
751 3771 767 3827 ‘i
801 3786 865 3844 sqq.
897 3773 1018 3843 propter
1041 3767 1054 3825 1
1079 3767 1117 3826 70
1141 3771 1274 3840 transpa-

91 3877 183 3936 dauae
204 3876 331 3952 rapiente
352 3875 402 3934 illa
424 3875 461 3933 de
483 3873 548 3932 sola
569 3873 690 3948 regione
712 3871 815 3930 Italiae
833 3871 988 3929 undecima
1002 3871 1065 3945 (cir.
1080 3869 1155 3927 Plin.
1178 3868 1214 3926 N.
1237 3868 1273 3926 H.

91 3979 137 4039 1Ι1
162 3981 235 4048 123)
257 3996 325 4037 esse
346 3977 529 4053 accipienda3
553 3981 584 4033 at
598 3975 773 4035 Cremonam
790 3975 877 4033 sitam
893 3990 961 4032 esse
976 3973 1007 4030 in
1024 3972 1145 4045 regione
1159 3971 1274 4030 decima

92 4083 155 4158 (cir.
190 4081 267 4139 Plin.
299 4079 335 4138 N.
358 4080 394 4138 H.
417 4078 463 4137 Ill
487 4079 567 4154 130).
613 4077 671 4136 Sed
705 4077 846 4153 quoniam
880 4074 1025 4134 Cremona
1047 4074 1181 4150 proxime
1204 4055 1274 4130 eon-¹

91 4185 198 4243 linium
227 4189 299 4257 erat,
327 4183 472 4241 incertum
496 4187 544 4239 est
565 4199 602 4238 an
626 4178 843 4238 Cersteneeler
866 4179 937 4236 haee
959 4176 1050 4235 Taciti
1075 4175 1163 4234 verba
1186 4174 1273 4231 nimis

92 4286 230 4363 angustis
253 4283 522 4359 circumscripserit
544 4283 661 4341 linibus.
