2978 4800
1257 263 1295 321 93

156 451 331 518 Heraeus
375 451 422 518 ad
466 452 550 518 Tac.
593 451 630 517 ΙΙ
666 451 714 518 25
748 471 914 538 pugnam
953 452 1001 519 ad
1038 451 1234 520 Castorum
1269 454 1339 520 iao

156 576 234 638 tam
261 570 471 638 luculenter
499 570 699 637 enarravit.
749 572 898 638 Tacitus
927 572 1023 639 enim
1079 573 1189 640 simul
1216 578 1253 640 et
1279 592 1340 660 pe·

154 691 255 759 dites
284 694 321 757 et
349 691 495 776 equites
523 709 543 756 e
570 692 701 757 castris
740 690 964 759 Othonianis
992 691 1145 759 eductos
1173 693 1262 760 dicit
1289 698 1339 760 at-

155 830 232 896 que
280 811 332 877 ita
376 811 590 895 dispositos,
632 815 673 877 ut
717 810 955 878 adversarios
998 812 1147 898 longius
1188 832 1339 899 pregre

158 930 305 998 dientes
333 929 483 1016 cingere
515 935 680 1015 possent.
737 931 786 997 At
813 931 1035 998 Plutarchus
1064 951 1085 998 a
1114 930 1222 999 Celso
1250 933 1340 1000 solis

162 1049 352 1136 equitibus
394 1050 522 1117 hostes
561 1050 843 1130 circumventos,
887 1054 964 1117 tum
1005 1051 1153 1118 demum
1194 1053 1339 1137 pedites

158 1189 179 1237 o
221 1169 355 1236 castris
403 1169 606 1236 advocatos
647 1168 785 1237 scribit.
841 1170 921 1236 Iam
954 1170 986 1237 si
1022 1189 1042 1237 e
1077 1171 1203 1238 Tacito
1244 1173 1340 1240 male

151 1293 356 1376 perspecto
409 1289 649 1357 Plutarchum
698 1290 864 1376 pendere
909 1291 1100 1370 sumimus,
1147 1293 1338 1378 praeclare

152 1409 413 1494 expediuntur
440 1410 575 1475 omnia.
632 1409 731 1475 Nihil
759 1411 857 1476 enim
887 1410 988 1496 apud
1016 1411 1115 1477 hunc
1140 1411 1339 1491 invenitur,

154 1529 251 1616 quin
291 1548 374 1595 cum
416 1529 479 1596 illo
515 1530 831 1614 comparationem
867 1529 1017 1597 habeat.
1072 1530 1237 1597 Primum
1269 1528 1339 1601 τοῦ

157 1686 203 1696 -
236 1649 364 1742 Κέλσῳ
406 1648 456 1737 (ν.
500 1649 643 1735 8-13)
683 1650 787 1716 locus
827 1653 884 1716 est
910 1669 1008 1716 unus
1036 1651 1201 1717 omnium
1229 1650 1339 1717 simil·

153 1770 269 1837 limus
283 1761 327 1853 ¹);
372 1788 493 1855 usque
533 1788 578 1836 eo
618 1770 784 1837 Tacitum
820 1770 960 1837 fontem
995 1789 1225 1837 communem
1255 1790 1338 1838 esse

158 1888 343 1956 imitatum
371 1889 475 1956 haud
504 1908 594 1956 sane
621 1890 797 1956 credibile
826 1894 890 1956 est.
943 1891 1036 1956 Tum
1063 1888 1125 1958 καὶ
1154 1879 1266 1974 οὗτος
1293 1929 1333 1938 -

162 1998 399 2092 ἀντεξελάσας
434 2002 485 2099 (ν.
525 2010 572 2076 13
615 2008 686 2094 sq.)
728 2010 775 2076 ad
817 2010 1070 2075 narrationem
1108 2009 1224 2076 Taciti
1264 2030 1338 2076 ma·

156 2126 257 2194 xime
285 2121 499 2216 quadrat2).
536 2129 566 2195 E
587 2130 660 2196 iam
679 2129 1024 2225 πεφυλαγμένως-
1045 2120 1159 2211 διώξει
1178 2134 1263 2215 apte
1282 2149 1339 2197 co

154 2247 317 2315 haerent
357 2267 440 2314 cum
481 2249 608 2316 verbis
641 2249 756 2316 Taciti
784 2252 890 2333 terea
920 2287 961 2296 —
984 2270 1088 2329 suom
1108 2269 1337 2337 quamquam

154 2366 394 2447 Plutarchus,
436 2370 614 2454 repressit
653 2370 776 2436 minus
804 2374 902 2436 recte
929 2370 1207 2454 interpretatus,
1238 2371 1338 2456 equi-

159 2494 214 2554 tes
260 2485 357 2554 Celsi
404 2507 480 2554 non
521 2488 774 2566 consistentes
812 2508 944 2555 verum
994 2489 1173 2573 impetum
1226 2491 1337 2558 modo

156 2607 394 2674 retardantes
437 2607 533 2674 facit.
589 2606 664 2674 Sed
705 2607 820 2674 multo
861 2609 980 2674 maior
1020 2609 1058 2674 in
1094 2608 1156 2676 καὶ
1192 2603 1261 2705 τὴν
1292 2650 1333 2657 -

155 2717 392 2821 συνταράξας
433 2747 537 2795 error
578 2732 642 2794 est.
695 2727 916 2794 Plutarchus
957 2746 1033 2793 non
1074 2728 1161 2795 dicit
1189 2728 1335 2798 Celsum

153 2846 297 2913 sensim
335 2848 499 2926 cessisse,
529 2847 595 2914 sed
627 2847 929 2934 progredientem
965 2848 1092 2915 hostes
1126 2849 1165 2914 in
1191 2849 1336 2918 insidiis

153 2965 298 3032 locatos
326 2968 613 3054 circumplexum
642 2986 735 3034 esse.
780 2966 839 3033 Sic
865 2986 1044 3053 perverse
1072 2968 1235 3036 reddidit
1253 2970 1337 3036 sub·

154 3087 212 3153 ito
253 3087 434 3154 discursu
475 3091 580 3174 terpo
620 3087 788 3156 eineerat
824 3107 949 3174 eques;
993 3093 1028 3155 et
1064 3108 1159 3174 quas
1188 3089 1336 3156 Tacitus

153 3206 216 3272 his
258 3207 447 3293 significat
487 3208 642 3275 insidias
685 3209 733 3274 ab
770 3207 993 3276 Othonianis
1022 3213 1182 3276 structas
1204 3248 1246 3256 —
1268 3209 1333 3276 cf.

153 3325 258 3392 ultro
299 3327 341 3393 in
388 3327 557 3394 insidias
591 3328 902 3414 praecipitentur
932 3367 973 3375 —
1006 3328 1156 3395 easdem
1188 3329 1336 3414 putavit

154 3463 252 3525 esse,
282 3465 380 3530 quas
410 3445 568 3514 Caecina
595 3448 794 3532 posuisset,
823 3448 870 3514 de
899 3447 1035 3533 quibus
1055 3447 1202 3514 Tacitus
1222 3448 1335 3533 paulo

260 3645 285 3726 1)
309 3649 434 3725 Propter
455 3641 624 3728 αὐτόμολοι,
645 3648 693 3706 cui
717 3647 781 3706 voci
804 3647 912 3706 Lezius
935 3666 964 3723 p.
988 3649 1048 3707 113
1064 3647 1132 3707 adn.
1150 3650 1165 3706 1
1182 3648 1336 3708 commode

152 3752 296 3828 ascripsit
326 3751 355 3810 ΙΙ
390 3753 430 3811 34
452 3751 566 3822 orchea
588 3755 621 3808 ut
642 3750 676 3808 in
696 3749 775 3808 manli
795 3749 873 3821 belh,
896 3750 1078 3827 transfuqiis,
1101 3750 1137 3809 de
1160 3752 1334 3811 secundario

152 3857 238 3914 fonte
276 3872 334 3913 non
371 3871 439 3913 esse
472 3853 661 3928 cogitandum
695 3852 782 3912 Fabia
814 3871 843 3929 p.
877 3855 916 3912 57
950 3853 1017 3911 adn.
1041 3855 1058 3911 2
1082 3854 1247 3913 confitetur.
1291 3854 1335 3913 De

153 3955 263 4034 Κέλσῳ
285 3958 337 4015 cir.
359 3957 397 4015 ad
420 3955 453 4015 Ο.
478 3958 496 4016 9
520 3976 547 4016 v.
572 3958 620 4016 29.

258 4073 283 4153 ²)
316 4070 468 4158 Ἀγαθοῖς,
491 4077 590 4153 qualia
615 4077 765 4152 adfingere
787 4076 967 4136 Plutarchus
991 4076 1111 4135 minime
1133 4076 1250 4134 dubitat
1272 4077 1333 4152 (cfr.

151 4178 322 4252 Praelatio),
357 4198 424 4238 eum
455 4179 692 4255 proruptisst‘mos
719 4179 973 4255 praetorianorum
996 4178 1125 4254 equitum
1147 4179 1178 4237 Π
1201 4181 1240 4237 25
1263 4196 1334 4238 con-

152 4284 222 4344 ferri
256 4286 363 4359 potest.
