2978 4800
192 233 232 290 56

154 421 317 488 17--20,
373 421 554 487 Extremo
581 421 702 506 capite
730 420 776 487 de
804 421 923 487 Mario
951 420 1059 488 Celso
1090 441 1225 506 parum
1253 419 1329 486 dili-

153 561 247 628 gens
275 541 345 607 fuit
373 540 605 607 Plutarchus

253 661 295 727 V.
342 660 442 727 1--9
485 660 601 746 geniti
643 664 730 726 sunt
770 679 816 726 ex
857 660 995 738 Tacito,
1025 679 1184 744 quocum
1214 659 1329 726 multo

150 780 270 867 magis
299 799 412 866 quam
439 799 521 846 cum
553 778 733 846 Suetonio
760 779 983 845 Plutarchus
1010 780 1170 846 concinit
1183 773 1221 865 ¹).

253 900 390 967 9-17.
445 899 548 966 Haec
585 891 775 985 aliunde²)
810 899 1033 966 Plutarchus
1063 901 1197 980 assuit;
1234 919 1330 985 quae

150 1040 232 1087 cum
273 1019 489 1086 narratione
526 1039 545 1085 e
583 1019 709 1086 Tacito
742 1023 824 1086 orta
856 1020 908 1085 ita
936 1038 1011 1085 non
1039 1019 1077 1085 in
1105 1039 1223 1086 unum
1250 1039 1331 1086 coa-

148 1140 311 1218 luerunt,
341 1143 382 1205 ut
409 1138 520 1204 etiam
547 1157 646 1204 nunc
675 1139 782 1224 quasi
802 1143 932 1204 sutura
951 1143 1125 1205 cernatur
1145 1136 1331 1234 (tempot-

150 1281 224 1343 σιν,
254 1261 289 1328 οἱ
317 1257 385 1344 δέ).

253 1379 295 1444 V.
338 1378 492 1445 17--20
528 1383 654 1444 utrum
690 1377 809 1444 eidem
842 1377 936 1444 fonti
965 1377 1199 1456 secundario,
1230 1377 1330 1443 unde

149 1498 240 1565 illud
271 1498 317 1565 de
345 1497 464 1564 Fabio
491 1496 649 1564 Fabullo
670 1502 857 1581 sumptum
879 1502 945 1574 est,
969 1517 1016 1563 an
1036 1497 1240 1563 Plutarcho
1260 1497 1331 1582 ipsi

149 1619 403 1685 narrationem
424 1617 539 1683 Taciti
561 1618 758 1683 exornanti
779 1616 913 1684 ascribi
933 1621 1114 1702 oporteat,
1131 1637 1208 1683 non
1223 1617 1331 1684 facile

151 1731 426 1825 diiudicatur3).

253 1859 296 1925 V.
315 1859 467 1926 20-22
497 1879 516 1926 e
544 1861 671 1926 Tacito
697 1864 957 1936 manaverunt,
975 1857 1075 1942 apud
1095 1876 1208 1941 quem
1230 1857 1332 1944 quod

151 1978 385 2045 desideretur
412 1980 504 2046 nihil
532 1980 684 2046 hahent.

253 2099 418 2164 22-25.
475 2099 530 2164 De
567 2099 666 2165 Vinii
706 2098 858 2164 interitu
895 2116 976 2162 oum
1010 2095 1150 2180 duplex
1178 2097 1332 2181 prodita

150 2222 249 2284 esset
271 2219 462 2297 memoria,
491 2218 714 2285 Plutarchus
742 2218 801 2284 hic
829 2236 979 2302 quoque
1000 2215 1090 2301 (vid.
1114 2215 1199 2281 adn.
1220 2217 1264 2301 1)
1295 2237 1327 2284 ea

149 2337 315 2423 praebet,
343 2358 441 2423 quae
469 2339 600 2405 eadem
628 2338 777 2404 Tacitus
805 2341 913 2422 putat
940 2337 1020 2402 veri
1049 2335 1245 2403 similiora.

253 2457 297 2523 V.
320 2459 476 2525 25—34
496 2479 543 2526 ex
562 2458 689 2525 Tacito
707 2457 912 2535 fluxerunt,
929 2456 1034 2523 cuius
1053 2475 1134 2522 cum
1154 2459 1333 2524 certatim

150 2617 200 2624 —-
216 2578 416 2646 iactabant
443 2584 479 2647 et
500 2580 633 2667 plures
654 2617 695 2624 —
715 2578 828 2644 iussit
855 2577 946 2643 mire
975 2595 1087 2661 quam
1115 2580 1344 2662 congruunt.

150 2690 268 2782 οὕτως
297 2737 344 2744 ——
374 2698 626 2768 ἐπεδείκνυντο
656 2703 692 2765 et
719 2688 854 2791 δωρεὰς
881 2685 1000 2795 ᾔτουν
1028 2737 1076 2744 -
1108 2687 1334 2782 ἀπέκτεινεν,

149 2837 247 2902 quae
283 2838 358 2884 non
394 2823 481 2885 sunt
514 2838 633 2904 aeque
662 2816 794 2884 similia
825 2815 925 2900 apud
956 2815 1175 2883 Suetonium
1188 2808 1229 2899 ⁴).
1290 2817 1334 2884 In

251 3017 275 3095 1)
296 3020 394 3078 Etiam
418 3017 580 3077 Suetonius
603 3018 745 3078 hocloco
768 3018 902 3077 Tacitum
926 3019 1044 3076 videtur
1065 3017 1255 3092 inspexisse3
1282 3018 1335 3077 cfr.

149 3121 247 3197 Groag
280 3141 309 3196 p.
345 3124 403 3181 767
438 3121 505 3179 adn.
529 3123 547 3179 5
571 3122 608 3180 de
639 3121 774 3181 Suetonii
802 3122 903 3196 plures
936 3125 1033 3178 cutem
1059 3118 1260 3194 prodiderunt.
1295 3151 1332 3162 -

148 3224 329 3281 Plutarchus
353 3242 412 3299 qua
434 3229 480 3282 est
502 3223 592 3281 animi
616 3224 819 3282 benevolentia
842 3242 858 3281 e
881 3223 996 3280 duobus
1017 3223 1054 3279 (le
1068 3229 1203 3279 extrema
1220 3220 1334 3280 Galbae

150 3344 221 3385 voce
255 3327 434 3385 testimoniis
465 3325 613 3384 laudabile
648 3344 741 3383 unum
775 3326 876 3400 elegit:
902 3327 946 3383 sic
968 3337 1046 3382 reete
1069 3324 1156 3383 Peter
1172 3342 1199 3398 p.
1217 3325 1260 3383 30
1278 3342 1334 3402 sq.,

147 3428 259 3487 Nissen
290 3447 318 3504 p.
351 3430 412 3487 509
435 3428 503 3486 adn.
528 3430 555 3501 1,
577 3428 665 3486 Fabia
688 3446 715 3504 p.
739 3430 788 3501 31,
815 3427 962 3487 Woelfflin
986 3426 1088 3502 Oomp.
1112 3445 1140 3502 p.
1164 3428 1220 3499 483
1249 3427 1334 3486 Taci-

150 3540 214 3589 tum
244 3531 314 3589 huie
340 3532 440 3606 ipsum
464 3549 584 3607 quoque
608 3531 771 3613 notandum
794 3536 841 3589 est
863 3530 932 3606 plus
957 3530 1084 3587 tribuere
1106 3529 1172 3587 fidei
1197 3529 1333 3603 (plures).

251 3651 276 3726 2)
298 3651 336 3710 nt
359 3652 480 3727 quidem
503 3669 542 3709 ex
564 3658 687 3709 auctore
710 3650 843 3710 Suetonii
850 3671 858 3725 ;
881 3667 1061 3726 quamquam
1083 3667 1119 3707 ne
1135 3649 1192 3707 hoc
1207 3650 1334 3725 quidem

148 3753 212 3811 loco
237 3754 309 3812 satis
334 3754 451 3812 videtur
474 3753 602 3828 diligens
625 3753 720 3811 luisse
742 3753 938 3815 Plutarchus:
962 3752 1013 3810 ch.
1036 3751 1144 3809 Leuius
1168 3770 1195 3826 p.
1217 3754 1259 3811 63
1277 3771 1334 3830 sq.,

147 3856 236 3914 Fabia
258 3874 286 3931 p.
311 3858 348 3914 31
373 3856 440 3913 adn.
465 3857 492 3928 2,
515 3875 543 3930 p.
569 3857 628 3914 132
651 3855 718 3912 adn.
743 3857 769 3913 2.
816 3855 901 3913 Ratio
935 3860 1036 3912 nostra
1070 3854 1187 3911 Fabiam
1214 3872 1244 3930 p.
1271 3858 1333 3915 148

148 3976 209 4015 non
231 3964 279 4017 est
301 3959 382 4033 quod
405 3959 542 4015 offendat.
565 3992 607 3999 -
630 3958 688 4015 Cir.
711 3958 799 4016 etiam
824 3956 890 4015 Tae.
913 3957 957 4014 lV
979 3958 1018 4014 42
1036 3956 1186 4030 (liuenzer
1201 3974 1230 4031 p.
1248 3958 1333 4033 322).

252 4060 276 4130 3)
299 4060 409 4118 Leuius
433 4061 521 4119 etiam
544 4061 669 4129 dubitat,
693 4079 720 4136 p.
744 4063 783 4120 64
807 4078 851 4135 sq.

251 4159 276 4239 4)
309 4162 487 4222 Plutarchus
521 4168 550 4220 et
585 4162 706 4221 Tacitus
735 4163 807 4221 haec
828 4164 858 4220 in
881 4163 983 4220 eodem
1006 4163 1115 4220 hahent
1138 4179 1236 4219 rerum
1260 4180 1333 4220 eon-

148 4271 249 4340 textu3
273 4267 326 4323 cfr.
350 4265 498 4323 Woelfflin
522 4264 625 4340 Comp.
648 4283 677 4340 p.
703 4267 743 4324 39
766 4282 822 4341 sq„
844 4266 894 4340 qni
918 4271 1016 4323 tamen
1041 4283 1097 4322 non
1116 4271 1195 4322 recte
1211 4263 1333 4323 Plutar-
