2978 4800
198 235 235 292 12

153 416 302 507 οὐδενὸς
342 417 407 514 γὰρ
443 415 540 491 οὕτω
583 422 776 512 θεάματος
808 420 980 512 ἐρασθεὶς
1008 414 1027 492 ὁ
1052 415 1242 512 Ῥωμαίων
1271 419 1334 517 δῆ-

152 565 224 633 μος
245 565 272 609 κ.
293 567 321 611 τ.
338 543 365 611 t.
384 562 469 609 cum
486 542 588 608 aude
606 562 682 609 riori
702 542 826 609 aliam
840 542 1080 629 pertinacius
1099 543 1153 608 ad
1166 561 1334 628 poariam

154 661 442 748 iiapiiaacraat.
499 661 635 739 Qualia
671 681 717 728 ex
746 661 848 728 fonte
875 662 1062 728 communi
1090 661 1334 746 exscripsisse

153 780 320 848 Taciturn
349 782 439 848 mihi
467 781 698 867 persuadere
725 801 800 848 non
828 782 944 866 potui.
989 780 1063 848 Cir.
1086 800 1184 865 quae
1214 781 1334 848 dicam

154 901 201 967 ad
229 900 269 966 P.
301 900 344 969 O.
376 895 449 985 2¹).

255 1022 296 1087 P.
333 1020 375 1089 G.
404 1041 434 1088 c.
466 1022 525 1088 18.

198 1240 278 1296 1-2
325 1236 372 1299 Ἐκ
406 1234 436 1300 δὲ
464 1231 569 1300 τούτου
598 1233 648 1300 καὶ
678 1231 717 1298 τὰ
812 1236 827 1294 Ι
851 1240 867 1296 1
912 1243 938 1295 ct
969 1238 1063 1295 inciso
1092 1236 1179 1294 semel
1204 1237 1337 1314 principi

151 1338 274 1419 μετρίως
306 1334 492 1420 πραττόμενα
524 1335 658 1421 διαβολὴν
684 1339 718 1402 εἶ·
770 1357 822 1398 sea
855 1340 921 1398 berre
954 1359 1005 1398 sea
1037 1339 1112 1397 aiala
1137 1339 1213 1412 sacta
1233 1357 1336 1414 param

150 1464 198 1522 χεν
205 1440 239 1514 ²),
770 1442 913 1501 inuidiam
935 1442 1106 1517 adferebant.

257 1649 422 1717 Tacitum
451 1650 522 1716 hoc
549 1651 630 1717 loco
649 1650 789 1717 iontem
808 1650 925 1717 fuisse
945 1669 1028 1716 cum
1046 1649 1237 1716 Plutarchi
1257 1653 1335 1716 tum

155 1769 326 1837 Suetonii
354 1770 587 1838 crediderim.
610 1809 659 1818 ·-
688 1771 823 1838 Fusius
851 1771 923 1837 hac
950 1771 996 1837 de
1024 1789 1065 1837 re
1093 1769 1338 1854 disputarunt

153 1889 343 1956 Woelfflin
372 1889 500 1976 Oomp.
531 1910 567 1976 p.
607 1893 666 1970 12,
701 1891 794 1957 Plin.
825 1911 860 1976 p.
891 1891 963 1957 351
1000 1895 1037 1956 et
1071 1889 1270 1956 Andresen
1299 1909 1334 1975 p.

153 2009 240 2076 432.
286 2009 476 2076 Woelfflin
504 2011 648 2096 primus
676 2011 774 2078 hanc
802 2010 1078 2077 similitudinem
1100 2008 1337 2075 animadver-

153 2129 242 2196 tisse
284 2130 354 2196 sibi
396 2131 500 2196 visus
543 2135 614 2210 est3
657 2150 771 2216 quam
799 2135 1026 2197 notaverunt
1057 2130 1131 2195 iam
1159 2128 1274 2195 Pater
1302 2148 1334 2214 p.

152 2248 214 2328 38,
244 2248 362 2315 Fabia
381 2268 418 2334 p.
442 2249 526 2316 100.
564 2248 733 2317 Suetonii
761 2249 1043 2336 congruentiam
1071 2268 1168 2314 unus
1198 2248 1332 2336 Hardy

151 2368 257 2435 vidit.

194 2569 276 2626 2-5
322 2561 361 2638 ὡς
393 2562 432 2630 rui
463 2563 535 2650 πρὸς
561 2563 629 2639 τοὺς
655 2573 687 2632 Γ
685 2595 715 2632 a·
811 2568 865 2626 [s
910 2569 1020 2628 Galliac
1046 2588 1132 2646 saper
1161 2571 1337 2629 memoriam

151 2662 245 2738 λιίτας
257 2663 383 2731 Οὐΐνδικι
399 2669 622 2752 συναραμένους.
641 2666 716 2735 ’Euri
775 2671 903 2729 Vindicis
920 2671 1057 2745 abliaatae
1070 2672 1174 2730 recenti
1190 2672 1266 2731 dono
1279 2673 1337 2732 Ra-

150 2794 219 2832 κουν
240 2764 297 2851 γὰρ
319 2766 353 2833 οὐ
376 2772 584 2856 φιλανθρωπίᾳ
598 2772 650 2835 τοῦ
666 2769 715 2837 ai·
767 2792 872 2832 mairac
905 2773 1030 2832 ciuitatis
1063 2780 1089 2831 et
1120 2773 1153 2831 ia
1182 2780 1337 2849 posteram

150 2867 337 2953 comprimam,
357 2870 434 2936 ἀλλὰ
458 2868 612 2954 ὠνούμενοι
632 2868 714 2955 παρὰ
768 2876 869 2935 tributi
902 2877 1064 2935 aramenta.
1112 2878 1125 2935 l
1159 2880 1196 2936 51
1235 2878 1334 2937 Gallo-

154 2969 268 3036 Οὗινίον
297 2971 444 3057 τυγχάνειν
467 2971 645 3046 ariamirus
668 2982 715 3038 διι-
766 2998 835 3036 ram
859 3026 864 3038 .
889 3025 894 3036 .
919 3022 926 3036 .
958 2980 1011 3055 qai
1043 2980 1196 3038 remissam
1230 2980 1289 3038 sibi
1316 3001 1337 3040 a

151 3075 233 3154 σμιῦν
255 3072 304 3139 καὶ
325 3076 478 3147 πολιτείοις.
772 3081 863 3139 Galba
882 3088 1018 3159 quartam
1034 3082 1207 3140 tributorum
1216 3087 1336 3157 partam

767 3190 792 3242 ct
808 3184 921 3259 publice
943 3183 1084 3242 donatos.
1104 3228 1132 3240 ..
1155 3182 1306 3241 iactabant.

253 3417 277 3495 ¹)
300 3419 405 3478 Alium
428 3421 514 3479 illum
537 3421 688 3482 Plutarchi
711 3424 823 3482 fontem
846 3424 975 3482 eundem
998 3442 1057 3499 quo
1080 3441 1155 3482 usus
1179 3437 1259 3482 esset
1275 3423 1333 3482 Ta·

149 3521 228 3580 citus
266 3523 361 3581 fuisse
398 3524 471 3582 nihil
507 3531 555 3584 est
583 3544 690 3585 causae
723 3527 804 3603 quod
838 3545 937 3601 neges.
984 3524 1098 3598 Quibus
1132 3527 1211 3585 enim
1240 3527 1333 3586 rebus

149 3621 312 3698 Tigellinus
336 3625 415 3683 Vinii
439 3627 563 3701 gratiam
592 3628 646 3687 sibi
670 3629 882 3700 conciliaverit,
905 3630 941 3688 de
964 3629 1000 3687 iis
1022 3628 1126 3688 Fabiae
1148 3647 1177 3704 p.
1201 3629 1261 3688 100
1284 3647 1335 3687 as-

150 3726 272 3801 sentior,
297 3735 328 3786 et
355 3728 443 3786 filiam
468 3729 547 3788 Vinii
572 3739 719 3790 servatam
743 3742 774 3790 et
796 3733 895 3808 ipsum
919 3732 1044 3808 pecunia
1066 3738 1239 3807 corruptum
1263 3749 1333 3790 oen-

150 3829 243 3904 senti3
267 3829 354 3889 aliter
376 3829 475 3906 Groag
496 3851 524 3908 p.
550 3835 619 3907 749,
643 3834 695 3893 sed
719 3834 835 3892 iniuria.
880 3835 969 3910 Apud
992 3834 1187 3892 Plutarchum
1210 3852 1333 3910 quoque

148 3930 180 3988 in
203 3931 307 3991 eodem
331 3934 427 4009 capite
451 3933 606 4011 Crispinae
629 3936 809 3995 mentionem
832 3937 895 3995 fieri
919 3936 1082 3994 notandum
1105 3944 1159 3995 est.

251 4051 274 4126 ²)
298 4052 357 4111 an.
380 4053 462 4112 Suet.
486 4052 520 4112 G.
546 4057 584 4113 14
612 4073 791 4131 quamquam
817 4056 910 4114 malta
932 4055 1099 4115 domnicata
1122 4056 1227 4131 apropir'
1242 4056 1333 4130 pria-

148 4154 221 4230 aipis
243 4155 340 4227 daret·
362 4157 411 4214 sed
432 4175 615 4233 aeqriaqaam
638 4164 698 4216 tam
717 4166 802 4234 prata
825 4164 913 4233 erarii,
936 4178 1024 4234 qaam
1047 4160 1143 4218 irrrisa
1162 4179 1234 4236 qaae
1249 4180 1333 4219 secas

147 4256 255 4330 fierem.
