<?xml version="1.0" encoding="UTF-8"?>
<!DOCTYPE html PUBLIC "-//W3C//DTD XHTML 1.0 Transitional//EN"
    "http://www.w3.org/TR/xhtml1/DTD/xhtml1-transitional.dtd">
<html xmlns="http://www.w3.org/1999/xhtml" xml:lang="en" lang="en">
 <head>
  <title>
</title>
<meta http-equiv="Content-Type" content="text/html;charset=utf-8" />
  <meta name='ocr-system' content='tesseract 3.04.00' />
  <meta name='ocr-capabilities' content='ocr_page ocr_carea ocr_par ocr_line ocrx_word'/>
</head>
<body>
  <div class='ocr_page' id='page_1' title='image "./deplutarchoetta00boregoog_0122.png"; bbox 0 0 2978 4800; ppageno 0'>
   <div class='ocr_carea' id='block_1_1' title="bbox 150 429 728 1537">
    <p class='ocr_par' dir='ltr' id='par_1_1' title="bbox 150 429 728 1537">
     <span class='ocr_line' id='line_1_1' title="bbox 154 429 728 521; baseline 0.003 -25"><span class='ocrx_word' id='word_1_1' title='bbox 154 429 296 516; x_wconf 81' lang='grc' dir='ltr'><strong><em>βιώσεται</em></strong></span> <span class='ocrx_word' id='word_1_2' title='bbox 322 430 432 519; x_wconf 76' lang='grc' dir='ltr'><em>ῥᾷστον</em></span> <span class='ocrx_word' id='word_1_3' title='bbox 460 433 510 499; x_wconf 75' lang='grc' dir='ltr'><em>καὶ</em></span> <span class='ocrx_word' id='word_1_4' title='bbox 531 431 646 518; x_wconf 82' lang='grc' dir='ltr'><em>ἥδιστον</em></span> <span class='ocrx_word' id='word_1_5' title='bbox 667 439 728 521; x_wconf 85' lang='grc' dir='ltr'><em>βίον</em></span> 
     </span>
     <span class='ocr_line' id='line_1_2' title="bbox 152 532 728 622; baseline 0.01 -25"><span class='ocrx_word' id='word_1_6' title='bbox 152 538 225 616; x_wconf 71' lang='grc' dir='ltr'><em>μεθ’</em></span> <span class='ocrx_word' id='word_1_7' title='bbox 249 532 376 620; x_wconf 74' lang='grc' dir='ltr'><em>ἡσυχίας.</em></span> <span class='ocrx_word' id='word_1_8' title='bbox 422 539 601 622; x_wconf 80' lang='grc' dir='ltr'><em>Ἀντὲγραψε</em></span> <span class='ocrx_word' id='word_1_9' title='bbox 625 537 654 603; x_wconf 76' lang='grc' dir='ltr'><em>δὲ</em></span> <span class='ocrx_word' id='word_1_10' title='bbox 676 536 728 603; x_wconf 84' lang='grc' dir='ltr'><em>κά·</em></span> 
     </span>
     <span class='ocr_line' id='line_1_3' title="bbox 151 635 726 724; baseline 0.01 -25"><span class='ocrx_word' id='word_1_11' title='bbox 151 646 247 708; x_wconf 83' lang='grc' dir='ltr'><em>κεῖνος</em></span> <span class='ocrx_word' id='word_1_12' title='bbox 258 635 342 717; x_wconf 72' lang='grc' dir='ltr'><strong><em>αὐτῷ</em></strong></span> <span class='ocrx_word' id='word_1_13' title='bbox 354 636 629 722; x_wconf 74' lang='grc' dir='ltr'><em>κατειρωνευόμενος</em></span> <span class='ocrx_word' id='word_1_14' title='bbox 637 636 726 724; x_wconf 75' lang='grc' dir='ltr'><em>ἡσυχῆ</em></span> 
     </span>
     <span class='ocr_line' id='line_1_4' title="bbox 151 736 724 825; baseline 0.009 -24"><span class='ocrx_word' id='word_1_15' title='bbox 151 740 285 821; x_wconf 80' lang='grc' dir='ltr'><em>πρῶτον·</em></span> <span class='ocrx_word' id='word_1_16' title='bbox 308 740 339 803; x_wconf 80' lang='grc' dir='ltr'><em>ἐκ</em></span> <span class='ocrx_word' id='word_1_17' title='bbox 362 738 391 805; x_wconf 79' lang='grc' dir='ltr'><em>δὲ</em></span> <span class='ocrx_word' id='word_1_18' title='bbox 413 736 518 804; x_wconf 76' lang='grc' dir='ltr'><em>τούτου</em></span> <span class='ocrx_word' id='word_1_19' title='bbox 536 738 724 825; x_wconf 76' lang='grc' dir='ltr'><em>διερεθιζόμε-</em></span> 
     </span>
     <span class='ocr_line' id='line_1_5' title="bbox 153 838 724 926; baseline 0.004 -22"><span class='ocrx_word' id='word_1_20' title='bbox 153 868 199 905; x_wconf 91' lang='grc' dir='ltr'><em>νοι</em></span> <span class='ocrx_word' id='word_1_21' title='bbox 231 838 326 906; x_wconf 70' lang='grc' dir='ltr'><em>πολλοὶ</em></span> <span class='ocrx_word' id='word_1_22' title='bbox 356 840 595 926; x_wconf 79' lang='grc' dir='ltr'><em>βλάσφημα“καλ</em></span> <span class='ocrx_word' id='word_1_23' title='bbox 618 841 724 926; x_wconf 78' lang='grc' dir='ltr'><em>ἀσελγῆ</em></span> 
     </span>
     <span class='ocr_line' id='line_1_6' title="bbox 150 940 724 1030; baseline 0.005 -22"><span class='ocrx_word' id='word_1_24' title='bbox 150 940 344 1027; x_wconf 72' lang='grc' dir='ltr'><strong><em>χλευάζοντες</em></strong></span> <span class='ocrx_word' id='word_1_25' title='bbox 373 941 506 1028; x_wconf 80' lang='grc' dir='ltr'><em>ἀλλήλους</em></span> <span class='ocrx_word' id='word_1_26' title='bbox 533 946 668 1030; x_wconf 80' lang='grc' dir='ltr'><em>ἔγραφον,</em></span> <span class='ocrx_word' id='word_1_27' title='bbox 690 943 724 1011; x_wconf 88' lang='lat' dir='ltr'><em>ai</em></span> 
     </span>
     <span class='ocr_line' id='line_1_7' title="bbox 152 1044 724 1132; baseline 0.009 -23"><span class='ocrx_word' id='word_1_28' title='bbox 152 1047 275 1126; x_wconf 78' lang='grc' dir='ltr'><strong><em>ψευδῶς</em></strong></span> <span class='ocrx_word' id='word_1_29' title='bbox 305 1048 365 1128; x_wconf 81' lang='grc' dir='ltr'><em>μίν,</em></span> <span class='ocrx_word' id='word_1_30' title='bbox 399 1044 532 1129; x_wconf 75' lang='grc' dir='ltr'><em>ἀνοήτως</em></span> <span class='ocrx_word' id='word_1_31' title='bbox 559 1046 588 1112; x_wconf 81' lang='grc' dir='ltr'><em>δὲ</em></span> <span class='ocrx_word' id='word_1_32' title='bbox 611 1045 661 1112; x_wconf 78' lang='grc' dir='ltr'><em>καὶ</em></span> <span class='ocrx_word' id='word_1_33' title='bbox 682 1076 724 1132; x_wconf 92' lang='grc' dir='ltr'><em>γε-</em></span> 
     </span>
     <span class='ocr_line' id='line_1_8' title="bbox 151 1143 725 1234; baseline 0.01 -25"><span class='ocrx_word' id='word_1_34' title='bbox 151 1148 241 1219; x_wconf 83' lang='grc' dir='ltr'><em>λοίως</em></span> <span class='ocrx_word' id='word_1_35' title='bbox 258 1149 387 1230; x_wconf 74' lang='grc' dir='ltr'><em>θατέρου</em></span> <span class='ocrx_word' id='word_1_36' title='bbox 402 1143 451 1212; x_wconf 85' lang='grc' dir='ltr'><em>τόν</em></span> <span class='ocrx_word' id='word_1_37' title='bbox 465 1149 562 1231; x_wconf 76' lang='grc' dir='ltr'><em>ἕτερον</em></span> <span class='ocrx_word' id='word_1_38' title='bbox 577 1146 597 1212; x_wconf 80' lang='grc' dir='ltr'><em>ἀ</em></span> <span class='ocrx_word' id='word_1_39' title='bbox 614 1153 725 1234; x_wconf 79' lang='grc' dir='ltr'><em>προσῆν</em></span> 
     </span>
     <span class='ocr_line' id='line_1_9' title="bbox 154 1247 724 1336; baseline 0.011 -24"><span class='ocrx_word' id='word_1_40' title='bbox 154 1247 335 1330; x_wconf 75' lang='grc' dir='ltr'><em>ἀμφοτέροις</em></span> <span class='ocrx_word' id='word_1_41' title='bbox 384 1248 474 1332; x_wconf 82' lang='grc' dir='ltr'><em>ὀνείδη</em></span> <span class='ocrx_word' id='word_1_42' title='bbox 518 1255 724 1336; x_wconf 74' lang='grc' dir='ltr'><em>λοιδοροῦντος.</em></span> 
     </span>
     <span class='ocr_line' id='line_1_10' title="bbox 154 1346 724 1434; baseline 0.011 -21"><span class='ocrx_word' id='word_1_43' title='bbox 154 1349 303 1422; x_wconf 86' lang='grc' dir='ltr'><em>Ἀσωτίας</em></span> <span class='ocrx_word' id='word_1_44' title='bbox 335 1346 389 1434; x_wconf 83' lang='grc' dir='ltr'><em>γάρ</em></span> <span class='ocrx_word' id='word_1_45' title='bbox 418 1350 467 1416; x_wconf 72' lang='grc' dir='ltr'><em>καί</em></span> <span class='ocrx_word' id='word_1_46' title='bbox 498 1356 645 1434; x_wconf 78' lang='grc' dir='ltr'><em>μαλακίας</em></span> <span class='ocrx_word' id='word_1_47' title='bbox 676 1351 724 1419; x_wconf 76' lang='grc' dir='ltr'><em>καὶ</em></span> 
     </span>
     <span class='ocr_line' id='line_1_11' title="bbox 152 1449 725 1537; baseline 0.01 -23"><span class='ocrx_word' id='word_1_48' title='bbox 152 1449 291 1535; x_wconf 82' lang='grc' dir='ltr'><em>ἀπειρίας</em></span> <span class='ocrx_word' id='word_1_49' title='bbox 307 1455 440 1534; x_wconf 86' lang='grc' dir='ltr'><em>πολίμιυν</em></span> <span class='ocrx_word' id='word_1_50' title='bbox 454 1453 577 1519; x_wconf 75' lang='grc' dir='ltr'><em>καὶτῶν</em></span> <span class='ocrx_word' id='word_1_51' title='bbox 591 1453 725 1537; x_wconf 77' lang='grc' dir='ltr'><em>πρόσθεν</em></span> 
     </span>
    </p>
   </div>
   <div class='ocr_carea' id='block_1_2' title="bbox 152 1549 724 1642">
    <p class='ocr_par' dir='ltr' id='par_1_2' title="bbox 152 1549 724 1642">
     <span class='ocr_line' id='line_1_12' title="bbox 152 1549 724 1642; baseline 0.009 -26"><span class='ocrx_word' id='word_1_52' title='bbox 152 1551 199 1617; x_wconf 76' lang='grc' dir='ltr'><em>ε’πί</em></span> <span class='ocrx_word' id='word_1_53' title='bbox 222 1556 306 1638; x_wconf 78' lang='grc' dir='ltr'><em>πενία</em></span> <span class='ocrx_word' id='word_1_54' title='bbox 326 1557 418 1639; x_wconf 76' lang='grc' dir='ltr'><em>χρεῶν</em></span> <span class='ocrx_word' id='word_1_55' title='bbox 439 1554 573 1641; x_wconf 74' lang='grc' dir='ltr'><em>πλήθους</em></span> <span class='ocrx_word' id='word_1_56' title='bbox 595 1557 675 1642; x_wconf 78' lang='grc' dir='ltr'><em>ἔργον</em></span> <span class='ocrx_word' id='word_1_57' title='bbox 690 1549 724 1640; x_wconf 78' lang='grc' dir='ltr'><em>ἦν</em></span> 
     </span>
    </p>
   </div>
   <div class='ocr_carea' id='block_1_3' title="bbox 149 1653 726 3786">
    <p class='ocr_par' dir='ltr' id='par_1_3' title="bbox 151 1653 724 1742">
     <span class='ocr_line' id='line_1_13' title="bbox 151 1653 724 1742; baseline 0.003 -22"><span class='ocrx_word' id='word_1_58' title='bbox 151 1653 724 1742; x_wconf 49' lang='grc' dir='ltr'><em>εἰπεῖνὸποτερῳμεῖοναῦτῶνμίτεστιλ).</em></span> 
     </span>
    </p>

    <p class='ocr_par' dir='ltr' id='par_1_4' title="bbox 149 1761 723 2149">
     <span class='ocr_line' id='line_1_14' title="bbox 198 1761 723 1843; baseline 0.019 -26"><span class='ocrx_word' id='word_1_59' title='bbox 198 1761 326 1819; x_wconf 82' lang='grc'>22-24</span> <span class='ocrx_word' id='word_1_60' title='bbox 362 1764 496 1842; x_wconf 86' lang='grc' dir='ltr'><em>Σημείων</em></span> <span class='ocrx_word' id='word_1_61' title='bbox 523 1761 553 1828; x_wconf 76' lang='grc' dir='ltr'><em>δὲ</em></span> <span class='ocrx_word' id='word_1_62' title='bbox 579 1761 628 1828; x_wconf 81' lang='grc' dir='ltr'><em>καὶ</em></span> <span class='ocrx_word' id='word_1_63' title='bbox 653 1787 723 1843; x_wconf 87' lang='grc' dir='ltr'><em>φαν-</em></span> 
     </span>
     <span class='ocr_line' id='line_1_15' title="bbox 149 1857 723 1948; baseline 0.012 -25"><span class='ocrx_word' id='word_1_64' title='bbox 149 1857 317 1941; x_wconf 76' lang='grc' dir='ltr'><em>τασμάτων</em></span> <span class='ocrx_word' id='word_1_65' title='bbox 347 1865 464 1926; x_wconf 73' lang='grc' dir='ltr'><em>πολλῶν</em></span> <span class='ocrx_word' id='word_1_66' title='bbox 489 1866 655 1948; x_wconf 78' lang='grc' dir='ltr'><em>λεγομένων,</em></span> <span class='ocrx_word' id='word_1_67' title='bbox 683 1863 723 1930; x_wconf 85' lang='grc' dir='ltr'><em>τά</em></span> 
     </span>
     <span class='ocr_line' id='line_1_16' title="bbox 152 1959 723 2047; baseline 0.014 -22"><span class='ocrx_word' id='word_1_68' title='bbox 152 1961 205 2043; x_wconf 75' lang='grc' dir='ltr'><em>μὲν</em></span> <span class='ocrx_word' id='word_1_69' title='bbox 240 1959 316 2027; x_wconf 84' lang='grc' dir='ltr'><em>ἀλλα</em></span> <span class='ocrx_word' id='word_1_70' title='bbox 347 1961 450 2047; x_wconf 78' lang='grc' dir='ltr'><em>φήμας</em></span> <span class='ocrx_word' id='word_1_71' title='bbox 472 1965 652 2040; x_wconf 78' lang='grc' dir='ltr'><em>ἀδεσπότους</em></span> <span class='ocrx_word' id='word_1_72' title='bbox 674 1967 723 2034; x_wconf 83' lang='grc' dir='ltr'><em>καὶ</em></span> 
     </span>
     <span class='ocr_line' id='line_1_17' title="bbox 157 2060 444 2149; baseline 0.017 -23"><span class='ocrx_word' id='word_1_73' title='bbox 157 2060 342 2146; x_wconf 59' lang='grc' dir='ltr'><em>ἀμφιβόλους</em></span> <span class='ocrx_word' id='word_1_74' title='bbox 364 2067 444 2149; x_wconf 77' lang='grc' dir='ltr'><em>εἶχεν,</em></span> 
     </span>
    </p>

    <p class='ocr_par' dir='ltr' id='par_1_5' title="bbox 152 2166 723 2559">
     <span class='ocr_line' id='line_1_18' title="bbox 201 2166 723 2256; baseline 0.025 -31"><span class='ocrx_word' id='word_1_75' title='bbox 201 2169 327 2229; x_wconf 80' lang='lat'>24--27</span> <span class='ocrx_word' id='word_1_76' title='bbox 346 2169 376 2231; x_wconf 80' lang='grc' dir='ltr'><em>ἐν</em></span> <span class='ocrx_word' id='word_1_77' title='bbox 390 2166 420 2232; x_wconf 82' lang='grc' dir='ltr'><em>δὲ</em></span> <span class='ocrx_word' id='word_1_78' title='bbox 434 2174 613 2252; x_wconf 71' lang='grc' dir='ltr'><em>Καπιτωλίου</em></span> <span class='ocrx_word' id='word_1_79' title='bbox 628 2174 723 2256; x_wconf 85' lang='grc' dir='ltr'><strong><em>Νίκης</em></strong></span> 
     </span>
     <span class='ocr_line' id='line_1_19' title="bbox 152 2263 723 2356; baseline 0.016 -25"><span class='ocrx_word' id='word_1_80' title='bbox 152 2263 322 2352; x_wconf 72' lang='grc' dir='ltr'><em>ἐφεστώσης</em></span> <span class='ocrx_word' id='word_1_81' title='bbox 345 2267 454 2352; x_wconf 77' lang='grc' dir='ltr'><em>ἅρματι</em></span> <span class='ocrx_word' id='word_1_82' title='bbox 475 2269 531 2345; x_wconf 87' lang='grc' dir='ltr'><em>τάς</em></span> <span class='ocrx_word' id='word_1_83' title='bbox 552 2269 633 2356; x_wconf 76' lang='grc' dir='ltr'><em>ἡνίας</em></span> <span class='ocrx_word' id='word_1_84' title='bbox 650 2271 723 2339; x_wconf 82' lang='grc' dir='ltr'><em>πάν-</em></span> 
     </span>
     <span class='ocr_line' id='line_1_20' title="bbox 152 2369 722 2460; baseline 0.016 -28"><span class='ocrx_word' id='word_1_85' title='bbox 152 2395 202 2442; x_wconf 85' lang='grc' dir='ltr'><em>τες</em></span> <span class='ocrx_word' id='word_1_86' title='bbox 225 2371 300 2434; x_wconf 81' lang='grc' dir='ltr'><em>εἶδον</em></span> <span class='ocrx_word' id='word_1_87' title='bbox 323 2369 480 2453; x_wconf 79' lang='grc' dir='ltr'><em>ἀφειμένας</em></span> <span class='ocrx_word' id='word_1_88' title='bbox 494 2377 525 2439; x_wconf 86' lang='grc' dir='ltr'><em>εἰι</em></span> <span class='ocrx_word' id='word_1_89' title='bbox 539 2377 599 2439; x_wconf 78' lang='grc' dir='ltr'><em>τῶν</em></span> <span class='ocrx_word' id='word_1_90' title='bbox 611 2378 722 2460; x_wconf 78' lang='grc' dir='ltr'><em>χειρῶν,</em></span> 
     </span>
     <span class='ocr_line' id='line_1_21' title="bbox 155 2467 636 2559; baseline 0.017 -25"><span class='ocrx_word' id='word_1_91' title='bbox 155 2467 254 2553; x_wconf 77' lang='grc' dir='ltr'><em>ὥσπερ</em></span> <span class='ocrx_word' id='word_1_92' title='bbox 278 2484 393 2555; x_wconf 78' lang='grc' dir='ltr'><em>κρατεῖν</em></span> <span class='ocrx_word' id='word_1_93' title='bbox 413 2471 451 2558; x_wconf 82' lang='grc' dir='ltr'><em>μὴ</em></span> <span class='ocrx_word' id='word_1_94' title='bbox 472 2479 636 2559; x_wconf 77' lang='grc' dir='ltr'><em>δυναμένης,</em></span> 
     </span>
    </p>

    <p class='ocr_par' dir='ltr' id='par_1_6' title="bbox 149 2573 726 3474">
     <span class='ocr_line' id='line_1_22' title="bbox 198 2573 726 2660; baseline 0.013 -24"><span class='ocrx_word' id='word_1_95' title='bbox 198 2578 327 2636; x_wconf 82' lang='grc'>27-32</span> <span class='ocrx_word' id='word_1_96' title='bbox 360 2573 410 2640; x_wconf 79' lang='grc' dir='ltr'><em>καὶ</em></span> <span class='ocrx_word' id='word_1_97' title='bbox 439 2575 489 2644; x_wconf 76' lang='grc' dir='ltr'><em>τον</em></span> <span class='ocrx_word' id='word_1_98' title='bbox 516 2580 544 2642; x_wconf 81' lang='grc' dir='ltr'><em>ἐν</em></span> <span class='ocrx_word' id='word_1_99' title='bbox 566 2603 726 2660; x_wconf 85' lang='grc' dir='ltr'><em>μεσοποτα·</em></span> 
     </span>
     <span class='ocr_line' id='line_1_23' title="bbox 152 2673 725 2765; baseline 0.014 -27"><span class='ocrx_word' id='word_1_100' title='bbox 152 2678 208 2762; x_wconf 79' lang='grc' dir='ltr'><em>μία</em></span> <span class='ocrx_word' id='word_1_101' title='bbox 231 2673 311 2760; x_wconf 83' lang='grc' dir='ltr'><em>ιη’σῳ</em></span> <span class='ocrx_word' id='word_1_102' title='bbox 334 2685 365 2742; x_wconf 90' lang='grc' dir='ltr'><em>Γ</em></span> <span class='ocrx_word' id='word_1_103' title='bbox 363 2681 428 2744; x_wconf 79' lang='lat' dir='ltr'><em>aiau</em></span> <span class='ocrx_word' id='word_1_104' title='bbox 450 2683 606 2765; x_wconf 86' lang='grc' dir='ltr'><em>Καίσαρος</em></span> <span class='ocrx_word' id='word_1_105' title='bbox 632 2680 725 2763; x_wconf 88' lang='grc' dir='ltr'><em>ἀνδρι·</em></span> 
     </span>
     <span class='ocr_line' id='line_1_24' title="bbox 152 2774 724 2867; baseline 0.012 -26"><span class='ocrx_word' id='word_1_106' title='bbox 152 2774 235 2842; x_wconf 83' lang='grc' dir='ltr'><em>ἀντα</em></span> <span class='ocrx_word' id='word_1_107' title='bbox 258 2775 332 2863; x_wconf 76' lang='grc' dir='ltr'><em>μήτε</em></span> <span class='ocrx_word' id='word_1_108' title='bbox 352 2782 469 2860; x_wconf 77' lang='grc' dir='ltr'><em>σεισμοῦ</em></span> <span class='ocrx_word' id='word_1_109' title='bbox 485 2779 637 2864; x_wconf 72' lang='grc' dir='ltr'><em>γεγονότος</em></span> <span class='ocrx_word' id='word_1_110' title='bbox 651 2781 724 2867; x_wconf 64' lang='grc' dir='ltr'><em>μήτε</em></span> 
     </span>
     <span class='ocr_line' id='line_1_25' title="bbox 150 2875 724 2968; baseline 0.005 -24"><span class='ocrx_word' id='word_1_111' title='bbox 150 2875 325 2961; x_wconf 81' lang='grc' dir='ltr'><em>πνεόματος</em></span> <span class='ocrx_word' id='word_1_112' title='bbox 347 2879 399 2963; x_wconf 80' lang='grc' dir='ltr'><em>ἀφ’</em></span> <span class='ocrx_word' id='word_1_113' title='bbox 423 2883 547 2967; x_wconf 77' lang='grc' dir='ltr'><em>ἕσπερος</em></span> <span class='ocrx_word' id='word_1_114' title='bbox 563 2911 724 2968; x_wconf 87' lang='grc' dir='ltr'><em>μεταστρα-</em></span> 
     </span>
     <span class='ocr_line' id='line_1_26' title="bbox 151 2981 724 3069; baseline 0.012 -24"><span class='ocrx_word' id='word_1_115' title='bbox 151 2983 248 3064; x_wconf 82' lang='grc' dir='ltr'><em>φέντα</em></span> <span class='ocrx_word' id='word_1_116' title='bbox 269 2981 342 3063; x_wconf 87' lang='grc' dir='ltr'><em>πρὸς</em></span> <span class='ocrx_word' id='word_1_117' title='bbox 363 2981 418 3056; x_wconf 79' lang='grc' dir='ltr'><em>τοὶς</em></span> <span class='ocrx_word' id='word_1_118' title='bbox 441 2981 603 3058; x_wconf 82' lang='grc' dir='ltr'><em>ἀνατολάς·</em></span> <span class='ocrx_word' id='word_1_119' title='bbox 619 2983 636 3050; x_wconf 83' lang='grc' dir='ltr'>ὅ</span> <span class='ocrx_word' id='word_1_120' title='bbox 651 3013 724 3069; x_wconf 85' lang='grc' dir='ltr'><em>φασι</em></span> 
     </span>
     <span class='ocr_line' id='line_1_27' title="bbox 151 3081 722 3170; baseline 0.012 -22"><span class='ocrx_word' id='word_1_121' title='bbox 151 3086 298 3168; x_wconf 70' lang='grc' dir='ltr'><em>συμβῆναι</em></span> <span class='ocrx_word' id='word_1_122' title='bbox 319 3083 382 3168; x_wconf 75' lang='grc' dir='ltr'><em>περί</em></span> <span class='ocrx_word' id='word_1_123' title='bbox 404 3081 459 3157; x_wconf 84' lang='grc' dir='ltr'><em>τάς</em></span> <span class='ocrx_word' id='word_1_124' title='bbox 480 3083 587 3170; x_wconf 80' lang='grc' dir='ltr'><em>ἡμέρας</em></span> <span class='ocrx_word' id='word_1_125' title='bbox 605 3092 722 3167; x_wconf 78' lang='grc' dir='ltr'><em>ἐκείνας,</em></span> 
     </span>
     <span class='ocr_line' id='line_1_28' title="bbox 150 3185 723 3274; baseline 0.014 -25"><span class='ocrx_word' id='word_1_126' title='bbox 150 3187 181 3250; x_wconf 83' lang='lat' dir='ltr'><em>s’r</em></span> <span class='ocrx_word' id='word_1_127' title='bbox 214 3185 263 3258; x_wconf 83' lang='grc' dir='ltr'><em>αἷς</em></span> <span class='ocrx_word' id='word_1_128' title='bbox 294 3188 321 3250; x_wconf 86' lang='grc' dir='ltr'><em>οἱ</em></span> <span class='ocrx_word' id='word_1_129' title='bbox 345 3185 409 3269; x_wconf 75' lang='grc' dir='ltr'><em>περὶ</em></span> <span class='ocrx_word' id='word_1_130' title='bbox 442 3186 655 3257; x_wconf 77' lang='grc' dir='ltr'><em>Οὐεσπεσιανὸν</em></span> <span class='ocrx_word' id='word_1_131' title='bbox 677 3195 723 3274; x_wconf 85' lang='grc' dir='ltr'><em>ε’μ-</em></span> 
     </span>
     <span class='ocr_line' id='line_1_29' title="bbox 149 3285 724 3376; baseline 0.016 -25"><span class='ocrx_word' id='word_1_132' title='bbox 149 3289 258 3370; x_wconf 76' lang='grc' dir='ltr'><em>φανῶς</em></span> <span class='ocrx_word' id='word_1_133' title='bbox 284 3285 335 3373; x_wconf 81' lang='grc' dir='ltr'><em>ἥδη</em></span> <span class='ocrx_word' id='word_1_134' title='bbox 356 3292 415 3356; x_wconf 76' lang='grc' dir='ltr'><em>τῶν</em></span> <span class='ocrx_word' id='word_1_135' title='bbox 437 3290 620 3376; x_wconf 82' lang='grc' dir='ltr'><em>πραγμάτων</em></span> <span class='ocrx_word' id='word_1_136' title='bbox 642 3293 724 3360; x_wconf 85' lang='grc' dir='ltr'><em>ἀντε-</em></span> 
     </span>
     <span class='ocr_line' id='line_1_30' title="bbox 149 3386 386 3474; baseline 0.03 -21"><span class='ocrx_word' id='word_1_137' title='bbox 149 3386 342 3474; x_wconf 79' lang='grc' dir='ltr'><em>λαμβάνοντο</em></span> <span class='ocrx_word' id='word_1_138' title='bbox 353 3395 386 3468; x_wconf 73' lang='lat'><em>²).</em></span> 
     </span>
    </p>

    <p class='ocr_par' dir='ltr' id='par_1_7' title="bbox 149 3492 723 3786">
     <span class='ocr_line' id='line_1_31' title="bbox 196 3492 723 3582; baseline 0.027 -31"><span class='ocrx_word' id='word_1_139' title='bbox 196 3496 325 3554; x_wconf 82' lang='lat'><strong>32-38</strong></span> <span class='ocrx_word' id='word_1_140' title='bbox 348 3493 411 3560; x_wconf 77' lang='lat' dir='ltr'><em>Kal</em></span> <span class='ocrx_word' id='word_1_141' title='bbox 433 3492 466 3561; x_wconf 82' lang='grc' dir='ltr'><em>τό</em></span> <span class='ocrx_word' id='word_1_142' title='bbox 486 3495 550 3582; x_wconf 76' lang='grc' dir='ltr'><em>περὶ</em></span> <span class='ocrx_word' id='word_1_143' title='bbox 572 3493 621 3563; x_wconf 85' lang='grc' dir='ltr'><em>τόν</em></span> <span class='ocrx_word' id='word_1_144' title='bbox 641 3497 723 3581; x_wconf 78' lang='grc' dir='ltr'><em>Θίμ-</em></span> 
     </span>
     <span class='ocr_line' id='line_1_32' title="bbox 149 3592 722 3683; baseline 0.017 -26"><span class='ocrx_word' id='word_1_145' title='bbox 149 3600 215 3677; x_wconf 79' lang='grc' dir='ltr'><em>βριν</em></span> <span class='ocrx_word' id='word_1_146' title='bbox 243 3593 274 3659; x_wconf 76' lang='grc' dir='ltr'><em>δὲ</em></span> <span class='ocrx_word' id='word_1_147' title='bbox 301 3592 468 3680; x_wconf 83' lang='grc' dir='ltr'><em>σόμπτιομα</em></span> <span class='ocrx_word' id='word_1_148' title='bbox 502 3611 616 3683; x_wconf 88' lang='grc' dir='ltr'><em>σημεῖον</em></span> <span class='ocrx_word' id='word_1_149' title='bbox 650 3604 722 3667; x_wconf 89' lang='grc' dir='ltr'><em>ε’ποι·</em></span> 
     </span>
     <span class='ocr_line' id='line_1_33' title="bbox 150 3695 722 3786; baseline 0.017 -27"><span class='ocrx_word' id='word_1_150' title='bbox 150 3698 238 3762; x_wconf 82' lang='grc' dir='ltr'><em>οὗντο</em></span> <span class='ocrx_word' id='word_1_151' title='bbox 255 3698 282 3762; x_wconf 86' lang='grc' dir='ltr'><em>οἱ</em></span> <span class='ocrx_word' id='word_1_152' title='bbox 295 3699 395 3765; x_wconf 81' lang='grc' dir='ltr'><em>πολλοὶ</em></span> <span class='ocrx_word' id='word_1_153' title='bbox 410 3700 569 3786; x_wconf 76' lang='grc' dir='ltr'><em>μοχθηρόν.</em></span> <span class='ocrx_word' id='word_1_154' title='bbox 597 3695 657 3768; x_wconf 61' lang='grc' dir='ltr'><em>Ἠν</em></span> <span class='ocrx_word' id='word_1_155' title='bbox 671 3703 722 3786; x_wconf 73' lang='grc' dir='ltr'><em>μὲν</em></span> 
     </span>
    </p>
   </div>
   <div class='ocr_carea' id='block_1_4' title="bbox 1262 257 1299 314">
    <p class='ocr_par' dir='ltr' id='par_1_8' title="bbox 1262 257 1299 314">
     <span class='ocr_line' id='line_1_34' title="bbox 1262 257 1299 314; baseline -0.027 0"><span class='ocrx_word' id='word_1_156' title='bbox 1262 257 1299 314; x_wconf 84' lang='grc'><em>77</em></span> 
     </span>
    </p>
   </div>
   <div class='ocr_carea' id='block_1_5' title="bbox 776 437 1343 1641">
    <p class='ocr_par' dir='ltr' id='par_1_9' title="bbox 776 437 1343 1641">
     <span class='ocr_line' id='line_1_35' title="bbox 779 437 1342 517; baseline 0.009 -23"><span class='ocrx_word' id='word_1_157' title='bbox 779 437 871 495; x_wconf 84' lang='lat' dir='ltr'><em>stulae</em></span> <span class='ocrx_word' id='word_1_158' title='bbox 887 439 1038 514; x_wconf 81' lang='lat' dir='ltr'><em>offerebant</em></span> <span class='ocrx_word' id='word_1_159' title='bbox 1054 440 1211 516; x_wconf 70' lang='lat' dir='ltr'><em>paruarum</em></span> <span class='ocrx_word' id='word_1_160' title='bbox 1235 447 1260 500; x_wconf 93' lang='lat' dir='ltr'><em>et</em></span> <span class='ocrx_word' id='word_1_161' title='bbox 1275 461 1342 517; x_wconf 81' lang='grc' dir='ltr'><em>φνα-</em></span> 
     </span>
     <span class='ocr_line' id='line_1_36' title="bbox 781 540 1342 618; baseline 0.011 -22"><span class='ocrx_word' id='word_1_162' title='bbox 781 540 852 597; x_wconf 80' lang='lat' dir='ltr'><em>tiam</em></span> <span class='ocrx_word' id='word_1_163' title='bbox 886 547 911 598; x_wconf 93' lang='lat' dir='ltr'><em>et</em></span> <span class='ocrx_word' id='word_1_164' title='bbox 944 560 1149 617; x_wconf 66' lang='lat' dir='ltr'><em>quatacumque</em></span> <span class='ocrx_word' id='word_1_165' title='bbox 1175 543 1279 618; x_wconf 79' lang='lat' dir='ltr'><em>quietis</em></span> <span class='ocrx_word' id='word_1_166' title='bbox 1302 545 1342 602; x_wconf 85' lang='lat' dir='ltr'><em>la·</em></span> 
     </span>
     <span class='ocr_line' id='line_1_37' title="bbox 779 643 1343 718; baseline 0.009 -20"><span class='ocrx_word' id='word_1_167' title='bbox 779 660 846 699; x_wconf 88' lang='lat' dir='ltr'><em>eum</em></span> <span class='ocrx_word' id='word_1_168' title='bbox 865 643 1002 718; x_wconf 79' lang='grc' dir='ltr'><em>γννοιίίηαο</em></span> <span class='ocrx_word' id='word_1_169' title='bbox 1023 644 1096 701; x_wconf 82' lang='lat' dir='ltr'><em>attae</em></span> <span class='ocrx_word' id='word_1_170' title='bbox 1112 644 1229 718; x_wconf 70' lang='lat' dir='ltr'><em>quisset.</em></span> <span class='ocrx_word' id='word_1_171' title='bbox 1254 645 1343 703; x_wconf 88' lang='lat' dir='ltr'><em>Paria</em></span> 
     </span>
     <span class='ocr_line' id='line_1_38' title="bbox 785 743 1341 820; baseline 0.014 -19"><span class='ocrx_word' id='word_1_172' title='bbox 785 743 914 802; x_wconf 74' lang='lat' dir='ltr'><em>Vitellius</em></span> <span class='ocrx_word' id='word_1_173' title='bbox 929 745 1093 818; x_wconf 77' lang='lat' dir='ltr'><em>ostentabat,</em></span> <span class='ocrx_word' id='word_1_174' title='bbox 1102 747 1201 820; x_wconf 78' lang='grc' dir='ltr'><em>γναίαο</em></span> <span class='ocrx_word' id='word_1_175' title='bbox 1215 746 1341 808; x_wconf 65' lang='lat' dir='ltr'><em>motetus,</em></span> 
     </span>
     <span class='ocr_line' id='line_1_39' title="bbox 777 845 1340 922; baseline 0.005 -19"><span class='ocrx_word' id='word_1_176' title='bbox 777 845 865 904; x_wconf 90' lang='lat' dir='ltr'><em>stulta</em></span> <span class='ocrx_word' id='word_1_177' title='bbox 886 847 1032 922; x_wconf 79' lang='lat' dir='ltr'><em>utrimque</em></span> <span class='ocrx_word' id='word_1_178' title='bbox 1053 853 1078 905; x_wconf 89' lang='lat' dir='ltr'><em>et</em></span> <span class='ocrx_word' id='word_1_179' title='bbox 1099 847 1232 907; x_wconf 83' lang='lat' dir='ltr'><em>iadeeara</em></span> <span class='ocrx_word' id='word_1_180' title='bbox 1248 849 1340 906; x_wconf 87' lang='lat' dir='ltr'><em>simu·</em></span> 
     </span>
     <span class='ocr_line' id='line_1_40' title="bbox 777 948 1342 1026; baseline 0.004 -20"><span class='ocrx_word' id='word_1_181' title='bbox 777 948 891 1021; x_wconf 82' lang='lat' dir='ltr'><em>latiaue,</em></span> <span class='ocrx_word' id='word_1_182' title='bbox 913 968 982 1008; x_wconf 83' lang='grc' dir='ltr'><em>ινιοα</em></span> <span class='ocrx_word' id='word_1_183' title='bbox 995 950 1082 1026; x_wconf 84' lang='lat' dir='ltr'><em>quasi</em></span> <span class='ocrx_word' id='word_1_184' title='bbox 1098 951 1227 1008; x_wconf 75' lang='lat' dir='ltr'><em>rixantes</em></span> <span class='ocrx_word' id='word_1_185' title='bbox 1241 956 1342 1026; x_wconf 76' lang='lat' dir='ltr'><em>stupra</em></span> 
     </span>
     <span class='ocr_line' id='line_1_41' title="bbox 777 1051 1340 1126; baseline 0.004 -18"><span class='ocrx_word' id='word_1_186' title='bbox 777 1070 810 1109; x_wconf 86' lang='lat' dir='ltr'><em>ae</em></span> <span class='ocrx_word' id='word_1_187' title='bbox 839 1051 951 1126; x_wconf 60' lang='lat' dir='ltr'><em>suffitia</em></span> <span class='ocrx_word' id='word_1_188' title='bbox 981 1052 1015 1109; x_wconf 86' lang='lat' dir='ltr'><em>iu</em></span> <span class='ocrx_word' id='word_1_189' title='bbox 1047 1052 1136 1110; x_wconf 84' lang='lat' dir='ltr'><em>m‘aem</em></span> <span class='ocrx_word' id='word_1_190' title='bbox 1167 1052 1340 1126; x_wconf 76' lang='lat' dir='ltr'><em>obieeta-ere,</em></span> 
     </span>
     <span class='ocr_line' id='line_1_42' title="bbox 777 1153 1338 1228; baseline -0.004 -18"><span class='ocrx_word' id='word_1_191' title='bbox 777 1159 876 1211; x_wconf 84' lang='lat' dir='ltr'><em>neuter</em></span> <span class='ocrx_word' id='word_1_192' title='bbox 907 1153 990 1228; x_wconf 86' lang='lat' dir='ltr'><em>salsa.</em></span> <span class='ocrx_word' id='word_1_193' title='bbox 1035 1153 1095 1213; x_wconf 79' lang='lat' dir='ltr'><em>afr.</em></span> <span class='ocrx_word' id='word_1_194' title='bbox 1131 1156 1220 1213; x_wconf 85' lang='lat' dir='ltr'><em>etiam</em></span> <span class='ocrx_word' id='word_1_195' title='bbox 1252 1155 1265 1212; x_wconf 91' lang='lat' dir='ltr'>I</span> <span class='ocrx_word' id='word_1_196' title='bbox 1299 1155 1338 1213; x_wconf 78' lang='lat'><em>50</em></span> 
     </span>
     <span class='ocr_line' id='line_1_43' title="bbox 776 1255 1340 1332; baseline 0.002 -19"><span class='ocrx_word' id='word_1_197' title='bbox 776 1255 850 1314; x_wconf 86' lang='lat' dir='ltr'><em>duos</em></span> <span class='ocrx_word' id='word_1_198' title='bbox 871 1256 1007 1314; x_wconf 90' lang='lat' dir='ltr'><em>amuium</em></span> <span class='ocrx_word' id='word_1_199' title='bbox 1028 1257 1199 1314; x_wconf 82' lang='lat' dir='ltr'><em>mortalium</em></span> <span class='ocrx_word' id='word_1_200' title='bbox 1221 1256 1340 1332; x_wconf 74' lang='lat' dir='ltr'><em>iapudi-</em></span> 
     </span>
     <span class='ocr_line' id='line_1_44' title="bbox 776 1358 1340 1440; baseline -0.002 -24"><span class='ocrx_word' id='word_1_201' title='bbox 776 1358 844 1416; x_wconf 85' lang='lat' dir='ltr'><em>eitia</em></span> <span class='ocrx_word' id='word_1_202' title='bbox 876 1359 993 1434; x_wconf 83' lang='grc' dir='ltr'><em>ιἠιιουὶο</em></span> <span class='ocrx_word' id='word_1_203' title='bbox 1026 1359 1143 1440; x_wconf 74' lang='lat' dir='ltr'><em>tartaria</em></span> <span class='ocrx_word' id='word_1_204' title='bbox 1165 1359 1340 1417; x_wconf 85' lang='lat' dir='ltr'><em>deterrimos.</em></span> 
     </span>
     <span class='ocr_line' id='line_1_45' title="bbox 776 1459 1339 1538; baseline -0.004 -19"><span class='ocrx_word' id='word_1_205' title='bbox 776 1461 819 1519; x_wconf 85' lang='lat' dir='ltr'><em>De</em></span> <span class='ocrx_word' id='word_1_206' title='bbox 841 1462 939 1538; x_wconf 86' lang='lat' dir='ltr'><em>inopia</em></span> <span class='ocrx_word' id='word_1_207' title='bbox 955 1462 1112 1538; x_wconf 80' lang='lat' dir='ltr'><em>utriusque</em></span> <span class='ocrx_word' id='word_1_208' title='bbox 1128 1461 1187 1519; x_wconf 89' lang='lat' dir='ltr'><em>vid.</em></span> <span class='ocrx_word' id='word_1_209' title='bbox 1203 1461 1240 1519; x_wconf 82' lang='lat' dir='ltr'><em>ad</em></span> <span class='ocrx_word' id='word_1_210' title='bbox 1256 1461 1289 1519; x_wconf 90' lang='lat' dir='ltr'><em>P.</em></span> <span class='ocrx_word' id='word_1_211' title='bbox 1305 1459 1339 1519; x_wconf 83' lang='lat' dir='ltr'><em>G.</em></span> 
     </span>
     <span class='ocr_line' id='line_1_46' title="bbox 777 1565 1275 1641; baseline -0.002 -19"><span class='ocrx_word' id='word_1_212' title='bbox 777 1565 815 1622; x_wconf 83' lang='lat'><em>21</em></span> <span class='ocrx_word' id='word_1_213' title='bbox 841 1583 867 1622; x_wconf 82' lang='lat' dir='ltr'><em>v.</em></span> <span class='ocrx_word' id='word_1_214' title='bbox 891 1566 909 1623; x_wconf 85' lang='lat'>8</span> <span class='ocrx_word' id='word_1_215' title='bbox 934 1582 1007 1641; x_wconf 70' lang='grc' dir='ltr'><em>εφη,</em></span> <span class='ocrx_word' id='word_1_216' title='bbox 1032 1565 1070 1622; x_wconf 90' lang='grc'><em>22</em></span> <span class='ocrx_word' id='word_1_217' title='bbox 1096 1583 1122 1622; x_wconf 81' lang='lat' dir='ltr'><em>v.</em></span> <span class='ocrx_word' id='word_1_218' title='bbox 1147 1565 1186 1623; x_wconf 83' lang='grc'><em>27</em></span> <span class='ocrx_word' id='word_1_219' title='bbox 1211 1581 1275 1640; x_wconf 84' lang='lat' dir='ltr'><em>sqq.</em></span> 
     </span>
    </p>
   </div>
   <div class='ocr_carea' id='block_1_6' title="bbox 776 1768 1341 1946">
    <p class='ocr_par' dir='ltr' id='par_1_10' title="bbox 776 1768 1341 1946">
     <span class='ocr_line' id='line_1_47' title="bbox 819 1768 1341 1844; baseline -0.006 -15"><span class='ocrx_word' id='word_1_220' title='bbox 819 1769 832 1828; x_wconf 91' lang='lat' dir='ltr'><em>l</em></span> <span class='ocrx_word' id='word_1_221' title='bbox 856 1772 895 1829; x_wconf 82' lang='lat'><em>86</em></span> <span class='ocrx_word' id='word_1_222' title='bbox 932 1768 1070 1844; x_wconf 73' lang='lat' dir='ltr'><em>Prodiyra</em></span> <span class='ocrx_word' id='word_1_223' title='bbox 1103 1769 1225 1844; x_wconf 77' lang='lat' dir='ltr'><em>insuper</em></span> <span class='ocrx_word' id='word_1_224' title='bbox 1258 1774 1341 1826; x_wconf 87' lang='lat' dir='ltr'><em>terre·</em></span> 
     </span>
     <span class='ocr_line' id='line_1_48' title="bbox 776 1869 1340 1946; baseline -0.005 -16"><span class='ocrx_word' id='word_1_225' title='bbox 776 1872 843 1930; x_wconf 86' lang='lat' dir='ltr'><em>baut</em></span> <span class='ocrx_word' id='word_1_226' title='bbox 873 1872 994 1930; x_wconf 80' lang='lat' dir='ltr'><em>diuersis</em></span> <span class='ocrx_word' id='word_1_227' title='bbox 1024 1871 1188 1929; x_wconf 77' lang='lat' dir='ltr'><em>auctoribus</em></span> <span class='ocrx_word' id='word_1_228' title='bbox 1209 1869 1340 1946; x_wconf 71' lang='lat' dir='ltr'><em>urlaata:</em></span> 
     </span>
    </p>
   </div>
   <div class='ocr_carea' id='block_1_7' title="bbox 775 2177 1340 2445">
    <p class='ocr_par' dir='ltr' id='par_1_11' title="bbox 775 2177 1340 2445">
     <span class='ocr_line' id='line_1_49' title="bbox 817 2177 1340 2254; baseline -0.011 -16"><span class='ocrx_word' id='word_1_229' title='bbox 817 2181 859 2251; x_wconf 62' lang='lat' dir='ltr'><em>ia,</em></span> <span class='ocrx_word' id='word_1_230' title='bbox 883 2179 1018 2239; x_wconf 80' lang='lat' dir='ltr'><em>uestibulo</em></span> <span class='ocrx_word' id='word_1_231' title='bbox 1045 2177 1181 2254; x_wconf 78' lang='lat' dir='ltr'><em>Capitolii</em></span> <span class='ocrx_word' id='word_1_232' title='bbox 1215 2177 1340 2235; x_wconf 81' lang='lat' dir='ltr'><em>omissas</em></span> 
     </span>
     <span class='ocr_line' id='line_1_50' title="bbox 775 2279 1337 2358; baseline -0.011 -16"><span class='ocrx_word' id='word_1_233' title='bbox 775 2284 900 2342; x_wconf 78' lang='lat' dir='ltr'><em>habenas</em></span> <span class='ocrx_word' id='word_1_234' title='bbox 922 2283 1011 2358; x_wconf 65' lang='lat' dir='ltr'><em>hirae,</em></span> <span class='ocrx_word' id='word_1_235' title='bbox 1034 2282 1083 2341; x_wconf 90' lang='lat' dir='ltr'><em>eui</em></span> <span class='ocrx_word' id='word_1_236' title='bbox 1111 2279 1235 2339; x_wconf 86' lang='lat' dir='ltr'><em>Vietmia</em></span> <span class='ocrx_word' id='word_1_237' title='bbox 1253 2279 1337 2337; x_wconf 85' lang='lat' dir='ltr'><em>iusti-</em></span> 
     </span>
     <span class='ocr_line' id='line_1_51' title="bbox 775 2392 933 2445; baseline 0 -1"><span class='ocrx_word' id='word_1_238' title='bbox 775 2392 845 2445; x_wconf 92' lang='lat' dir='ltr'><em>tert</em></span> <span class='ocrx_word' id='word_1_239' title='bbox 868 2432 873 2443; x_wconf 95' lang='lat'><strong>.</strong></span> <span class='ocrx_word' id='word_1_240' title='bbox 898 2431 902 2442; x_wconf 90' lang='lat'><em>.</em></span> <span class='ocrx_word' id='word_1_241' title='bbox 928 2432 933 2444; x_wconf 94' lang='lat'>.</span> 
     </span>
    </p>
   </div>
   <div class='ocr_carea' id='block_1_8' title="bbox 775 2571 1339 2939">
    <p class='ocr_par' dir='ltr' id='par_1_12' title="bbox 775 2571 1339 2939">
     <span class='ocr_line' id='line_1_52' title="bbox 819 2571 1339 2631; baseline 0 -1"><span class='ocrx_word' id='word_1_242' title='bbox 819 2579 945 2631; x_wconf 87' lang='lat' dir='ltr'><em>statuam</em></span> <span class='ocrx_word' id='word_1_243' title='bbox 979 2573 1041 2630; x_wconf 80' lang='lat' dir='ltr'><em>cliui</em></span> <span class='ocrx_word' id='word_1_244' title='bbox 1072 2571 1143 2629; x_wconf 83' lang='lat' dir='ltr'><em>Iulii</em></span> <span class='ocrx_word' id='word_1_245' title='bbox 1173 2572 1206 2629; x_wconf 85' lang='lat' dir='ltr'><em>iu</em></span> <span class='ocrx_word' id='word_1_246' title='bbox 1240 2572 1339 2630; x_wconf 84' lang='lat' dir='ltr'><em>iusala</em></span> 
     </span>
     <span class='ocr_line' id='line_1_53' title="bbox 781 2673 1339 2734; baseline 0 -2"><span class='ocrx_word' id='word_1_247' title='bbox 781 2675 906 2734; x_wconf 82' lang='lat' dir='ltr'><em>Tiberini</em></span> <span class='ocrx_word' id='word_1_248' title='bbox 931 2675 1030 2733; x_wconf 88' lang='lat' dir='ltr'><em>amuis</em></span> <span class='ocrx_word' id='word_1_249' title='bbox 1051 2693 1150 2732; x_wconf 86' lang='lat' dir='ltr'><em>sermo</em></span> <span class='ocrx_word' id='word_1_250' title='bbox 1172 2680 1197 2731; x_wconf 94' lang='lat' dir='ltr'><em>et</em></span> <span class='ocrx_word' id='word_1_251' title='bbox 1219 2673 1339 2732; x_wconf 85' lang='lat' dir='ltr'><em>immota</em></span> 
     </span>
     <span class='ocr_line' id='line_1_54' title="bbox 776 2777 1337 2836; baseline -0.007 0"><span class='ocrx_word' id='word_1_252' title='bbox 776 2778 821 2836; x_wconf 81' lang='lat' dir='ltr'><em>elie</em></span> <span class='ocrx_word' id='word_1_253' title='bbox 843 2778 878 2835; x_wconf 85' lang='lat' dir='ltr'><em>ab</em></span> <span class='ocrx_word' id='word_1_254' title='bbox 901 2778 1037 2836; x_wconf 78' lang='lat' dir='ltr'><em>arridente</em></span> <span class='ocrx_word' id='word_1_255' title='bbox 1058 2778 1091 2834; x_wconf 86' lang='lat' dir='ltr'><em>iu</em></span> <span class='ocrx_word' id='word_1_256' title='bbox 1113 2777 1248 2834; x_wconf 77' lang='lat' dir='ltr'><em>mieutem</em></span> <span class='ocrx_word' id='word_1_257' title='bbox 1273 2795 1337 2834; x_wconf 86' lang='grc' dir='ltr'><em>οοα-</em></span> 
     </span>
     <span class='ocr_line' id='line_1_55' title="bbox 775 2898 976 2939; baseline 0.005 -2"><span class='ocrx_word' id='word_1_258' title='bbox 775 2898 885 2938; x_wconf 87' lang='lat' dir='ltr'><em>aersam</em></span> <span class='ocrx_word' id='word_1_259' title='bbox 910 2927 916 2939; x_wconf 91' lang='lat'><strong>.</strong></span> <span class='ocrx_word' id='word_1_260' title='bbox 940 2927 946 2938; x_wconf 90' lang='lat'><strong>.</strong></span> <span class='ocrx_word' id='word_1_261' title='bbox 971 2926 976 2938; x_wconf 90' lang='lat'><em>.</em></span> 
     </span>
    </p>
   </div>
   <div class='ocr_carea' id='block_1_9' title="bbox 773 3497 1338 3776">
    <p class='ocr_par' dir='ltr' id='par_1_13' title="bbox 773 3497 1338 3776">
     <span class='ocr_line' id='line_1_56' title="bbox 820 3497 1336 3572; baseline -0.002 -17"><span class='ocrx_word' id='word_1_262' title='bbox 820 3497 875 3555; x_wconf 79' lang='lat' dir='ltr'><em>Sed</em></span> <span class='ocrx_word' id='word_1_263' title='bbox 902 3497 1080 3572; x_wconf 75' lang='lat' dir='ltr'><em>maeeipuus</em></span> <span class='ocrx_word' id='word_1_264' title='bbox 1112 3502 1137 3554; x_wconf 91' lang='lat' dir='ltr'><em>et</em></span> <span class='ocrx_word' id='word_1_265' title='bbox 1167 3515 1232 3553; x_wconf 83' lang='lat' dir='ltr'><em>arem</em></span> <span class='ocrx_word' id='word_1_266' title='bbox 1252 3515 1336 3572; x_wconf 81' lang='lat' dir='ltr'><em>prae-</em></span> 
     </span>
     <span class='ocr_line' id='line_1_57' title="bbox 773 3600 1338 3674; baseline 0 -16"><span class='ocrx_word' id='word_1_267' title='bbox 773 3601 849 3658; x_wconf 78' lang='lat' dir='ltr'><em>saati</em></span> <span class='ocrx_word' id='word_1_268' title='bbox 879 3600 964 3658; x_wconf 76' lang='lat' dir='ltr'><em>exitia</em></span> <span class='ocrx_word' id='word_1_269' title='bbox 995 3601 1080 3658; x_wconf 87' lang='lat' dir='ltr'><em>etiam</em></span> <span class='ocrx_word' id='word_1_270' title='bbox 1117 3600 1215 3674; x_wconf 78' lang='lat' dir='ltr'><em>futuri</em></span> <span class='ocrx_word' id='word_1_271' title='bbox 1247 3618 1338 3674; x_wconf 81' lang='grc' dir='ltr'><em>μονον</em></span> 
     </span>
     <span class='ocr_line' id='line_1_58' title="bbox 773 3702 1338 3776; baseline -0.002 -15"><span class='ocrx_word' id='word_1_272' title='bbox 773 3704 869 3762; x_wconf 85' lang='lat' dir='ltr'><em>subita</em></span> <span class='ocrx_word' id='word_1_273' title='bbox 904 3703 1095 3762; x_wconf 87' lang='lat' dir='ltr'><em>iuaudatiaue</em></span> <span class='ocrx_word' id='word_1_274' title='bbox 1136 3702 1251 3772; x_wconf 81' lang='lat' dir='ltr'><em>Tiberis,</em></span> <span class='ocrx_word' id='word_1_275' title='bbox 1286 3704 1338 3776; x_wconf 81' lang='lat' dir='ltr'><em>qui</em></span> 
     </span>
    </p>
   </div>
   <div class='ocr_carea' id='block_1_10' title="bbox 259 3937 1335 4022">
    <p class='ocr_par' dir='ltr' id='par_1_14' title="bbox 259 3937 1335 4022">
     <span class='ocr_line' id='line_1_59' title="bbox 259 3937 1335 4022; baseline 0.001 -24"><span class='ocrx_word' id='word_1_276' title='bbox 259 3937 282 4012; x_wconf 81' lang='lat'><em>¹)</em></span> <span class='ocrx_word' id='word_1_277' title='bbox 306 3939 365 4000; x_wconf 78' lang='lat' dir='ltr'><em>afr.</em></span> <span class='ocrx_word' id='word_1_278' title='bbox 387 3941 467 4022; x_wconf 81' lang='lat' dir='ltr'><em>Suet.</em></span> <span class='ocrx_word' id='word_1_279' title='bbox 492 3942 525 4002; x_wconf 90' lang='grc' dir='ltr'><em>Ο.</em></span> <span class='ocrx_word' id='word_1_280' title='bbox 549 3946 567 4003; x_wconf 82' lang='grc'>8</span> <span class='ocrx_word' id='word_1_281' title='bbox 587 3963 640 4019; x_wconf 82' lang='grc' dir='ltr'><em>γοα</em></span> <span class='ocrx_word' id='word_1_282' title='bbox 661 3944 857 4003; x_wconf 84' lang='lat' dir='ltr'><em>iuteruuutios</em></span> <span class='ocrx_word' id='word_1_283' title='bbox 878 3963 911 4002; x_wconf 86' lang='lat' dir='ltr'><em>ae</em></span> <span class='ocrx_word' id='word_1_284' title='bbox 932 3943 1040 4002; x_wconf 82' lang='lat' dir='ltr'><em>litteras</em></span> <span class='ocrx_word' id='word_1_285' title='bbox 1061 3948 1220 4002; x_wconf 78' lang='lat' dir='ltr'><em>consortem</em></span> <span class='ocrx_word' id='word_1_286' title='bbox 1244 3943 1335 4016; x_wconf 76' lang='lat' dir='ltr'><em>impe·</em></span> 
     </span>
    </p>
   </div>
   <div class='ocr_carea' id='block_1_11' title="bbox 149 4041 724 4119">
    <p class='ocr_par' dir='ltr' id='par_1_15' title="bbox 149 4041 724 4119">
     <span class='ocr_line' id='line_1_60' title="bbox 149 4041 724 4119; baseline 0.01 -22"><span class='ocrx_word' id='word_1_287' title='bbox 149 4041 193 4099; x_wconf 88' lang='lat' dir='ltr'><em>rii</em></span> <span class='ocrx_word' id='word_1_288' title='bbox 212 4060 407 4119; x_wconf 81' lang='grc' dir='ltr'><em>ηειιονιιιιιηαε</em></span> <span class='ocrx_word' id='word_1_289' title='bbox 429 4065 459 4103; x_wconf 89' lang='lat' dir='ltr'><em>se</em></span> <span class='ocrx_word' id='word_1_290' title='bbox 487 4046 598 4105; x_wconf 87' lang='lat' dir='ltr'><em>Vitellio</em></span> <span class='ocrx_word' id='word_1_291' title='bbox 617 4046 724 4105; x_wconf 78' lang='lat' dir='ltr'><em>obtulit.</em></span> 
     </span>
    </p>
   </div>
   <div class='ocr_carea' id='block_1_12' title="bbox 151 4161 1335 4343">
    <p class='ocr_par' dir='ltr' id='par_1_16' title="bbox 151 4161 1335 4343">
     <span class='ocr_line' id='line_1_61' title="bbox 257 4161 1335 4242; baseline 0.001 -21"><span class='ocrx_word' id='word_1_292' title='bbox 257 4162 282 4237; x_wconf 68' lang='grc' dir='ltr'><em>2γ</em></span> <span class='ocrx_word' id='word_1_293' title='bbox 306 4161 366 4221; x_wconf 77' lang='lat' dir='ltr'><em>Otr.</em></span> <span class='ocrx_word' id='word_1_294' title='bbox 389 4164 469 4224; x_wconf 78' lang='lat' dir='ltr'><em>Suet.</em></span> <span class='ocrx_word' id='word_1_295' title='bbox 495 4166 584 4242; x_wconf 82' lang='lat' dir='ltr'><em>Vesp.</em></span> <span class='ocrx_word' id='word_1_296' title='bbox 610 4170 627 4225; x_wconf 84' lang='lat'>5</span> <span class='ocrx_word' id='word_1_297' title='bbox 651 4165 768 4224; x_wconf 88' lang='lat' dir='ltr'><em>eamitia</em></span> <span class='ocrx_word' id='word_1_298' title='bbox 790 4166 908 4224; x_wconf 87' lang='lat' dir='ltr'><em>seeumli</em></span> <span class='ocrx_word' id='word_1_299' title='bbox 921 4166 1088 4224; x_wconf 87' lang='lat' dir='ltr'><em>eaasulatus</em></span> <span class='ocrx_word' id='word_1_300' title='bbox 1102 4166 1217 4224; x_wconf 87' lang='lat' dir='ltr'><em>iueuate</em></span> <span class='ocrx_word' id='word_1_301' title='bbox 1237 4166 1335 4233; x_wconf 75' lang='lat' dir='ltr'><em>Galba,</em></span> 
     </span>
     <span class='ocr_line' id='line_1_62' title="bbox 151 4265 983 4343; baseline 0.008 -24"><span class='ocrx_word' id='word_1_302' title='bbox 151 4269 280 4322; x_wconf 86' lang='lat' dir='ltr'><em>statuam</em></span> <span class='ocrx_word' id='word_1_303' title='bbox 304 4265 365 4323; x_wconf 79' lang='lat' dir='ltr'><em>diri</em></span> <span class='ocrx_word' id='word_1_304' title='bbox 385 4267 458 4325; x_wconf 89' lang='lat' dir='ltr'><em>Iulii</em></span> <span class='ocrx_word' id='word_1_305' title='bbox 478 4269 517 4326; x_wconf 80' lang='lat' dir='ltr'><em>aet</em></span> <span class='ocrx_word' id='word_1_306' title='bbox 538 4268 673 4326; x_wconf 85' lang='lat' dir='ltr'><em>om&#39;eutem</em></span> <span class='ocrx_word' id='word_1_307' title='bbox 690 4273 790 4343; x_wconf 79' lang='lat' dir='ltr'><em>sponte</em></span> <span class='ocrx_word' id='word_1_308' title='bbox 811 4287 983 4326; x_wconf 85' lang='lat' dir='ltr'><em>eauuersam.</em></span> 
     </span>
    </p>
   </div>
   <div class='ocr_carea' id='block_1_13' title="bbox 0 0 1494 4800">
    <p class='ocr_par' dir='ltr' id='par_1_17' title="bbox 0 0 1494 4800">
     <span class='ocr_line' id='line_1_63' title="bbox 0 0 1494 4800; baseline 0 3"><span class='ocrx_word' id='word_1_309' title='bbox 0 0 1494 4800; x_wconf 95' lang='lat' dir='ltr'><em> </em></span> 
     </span>
    </p>
   </div>
  </div>
 </body>
</html>
