2978 4800
858 438 1032 498 Othonianis
1167 443 1268 501 omnio
1311 443 1413 501 decenni

851 544 928 617 saeta
958 563 1048 619 praee
1083 547 1312 605 aestimantium.
1353 546 1413 605 Cer-

853 646 936 704 tatim
959 692 966 704 .
991 693 1023 705 ..
1048 649 1181 706 Annium
1230 649 1349 707 Gallum
1391 654 1415 706 et

857 749 1030 808 Suetonium
1053 750 1216 809 Paulinum
1238 756 1263 809 et
1285 751 1413 809 Μσνίαυι

857 847 972 911 (etnim
995 899 1002 910 .
1026 897 1032 910 .
1056 898 1062 910 .
1084 853 1174 911 emin
1184 854 1361 912 omninibus
1371 854 1414 912 in-

852 953 997 1015 eessebant
1019 1003 1025 1015 .
1050 1002 1057 1014 .
1079 1001 1085 1012 .
1108 956 1192 1014 modo
1232 957 1351 1015 oeeuttis
1382 956 1416 1014 ad

859 1060 1000 1120 Othonem
1022 1059 1139 1132 λίβανόν,Ι

277 1177 403 1235 25-26
425 1170 456 1239 ‘O
479 1172 509 1238 δὲ
525 1170 627 1239 Ὄθων
641 1171 693 1257 οὐχ
707 1170 801 1245 οὕτως
895 1182 948 1256 qui
968 1180 1133 1240 humilima
1153 1181 1256 1256 auique
1276 1180 1415 1252 enodatio,

233 1278 378 1341 ἐπίστευεν
411 1274 520 1352 αὐτοῖς,
551 1272 591 1347 ως
613 1271 744 1360 ἐβούλετο
766 1270 804 1358 μὴ
853 1285 941 1343 bonos
963 1289 1092 1342 metuens
1114 1282 1272 1358 trepidabat
1295 1328 1302 1340 .
1326 1329 1333 1341 .
1358 1328 1364 1340 .

235 1386 327 1444 tonaio
350 1377 489 1445 ἀπιστεῖν.

277 1519 402 1577 26-27
422 1511 572 1597 Ἔπεμψεν
593 1507 645 1580 οὖν
668 1513 802 1582 Τιτιανὸν
895 1523 989 1599 intnu
1024 1523 1169 1581 Titianum
1201 1523 1328 1596 fratrem
1351 1524 1418 1581 aui·

233 1614 278 1681 εἰιὶ
310 1614 350 1682 τὰ
378 1614 584 1700 στρατεύματα
605 1613 654 1682 τὸν
676 1616 802 1700 ἀδελφὸν
853 1632 916 1684 tum
938 1626 1005 1685 betto
1022 1625 1197 1700 praeposuit.

896 1761 926 1820 II
971 1763 1011 1820 39
1072 1760 1201 1834 Profecto
1258 1761 1418 1820 Brixellum

232 1882 291 1939 χον,
321 1851 353 1927 ὃς
374 1857 446 1940 εἶχεν
467 1856 539 1939 ἔργῳ
561 1853 610 1938 τὴν
630 1859 731 1921 πᾶσαν
753 1854 802 1938 ἀρ·
860 1863 968 1923 Othone
1000 1863 1091 1921 honor
1120 1861 1240 1936 imperii
1258 1881 1354 1938 penes
1378 1864 1417 1922 n·-

233 1954 292 2040 χήν,
325 1954 478 2041 πρόσχημα
509 1958 539 2023 δὲ
560 1951 594 2043 ἦν
616 1955 631 2023 ὁ
657 1956 802 2031 Τιτιανός.
854 1967 967 2024 tionum
1000 1966 1129 2040 fratrem,
1162 1965 1207 2021 en's
1240 1983 1278 2022 ae
1296 1972 1417 2041 potestas

238 2061 275 2125 Oi
296 2059 326 2124 δὲ
347 2057 413 2143 περὶ
435 2057 486 2125 τὸν
507 2063 622 2126 Κέλσον
648 2059 696 2125 καὶ
719 2071 802 2126 Παυ·
848 2087 938 2143 penes
960 2068 1116 2126 Proeutum
1133 2066 1319 2142 praefectum
1330 2090 1343 2142 ;
1368 2069 1414 2129 aa

278 1759 401 1816 22-31
427 1751 477 1819 nai
500 1750 638 1836 Πρόκλον
653 1753 703 1820 τὸν
718 1755 802 1839 ἕταρ-

238 2168 313 2227 λίνοι·
336 2159 432 2233 ἄλλως
454 2164 618 2243 ἐφείλκοντο
634 2159 802 2247 συμβούλων

235 2260 328 2345 ὄνομα
351 2261 400 2327 καὶ
422 2265 521 2342 φίλων,
544 2265 674 2339 ἐξουσίαν
695 2261 746 2328 καὶ
757 2261 802 2329 ii·

235 2393 319 2448 ναμιν
346 2366 375 2428 ἐν
400 2375 461 2437 τοῖς
482 2362 634 2448 πράγμασι
664 2369 802 2448 μηδεμίαν

235 2468 353 2549 ἔχοντες.

279 2609 404 2666 31-33
433 2596 492 2669 Ἠν
514 2603 544 2669 δὲ
566 2601 719 2689 θορυβώδη
751 2602 800 2668 nai

234 2704 273 2771 aci
302 2703 383 2790 νεαροὶ
415 2719 475 2780 τοῖς
496 2709 649 2788 πολεμίοις,
671 2704 801 2789 μάλιστα

235 2807 265 2873 δὲ
286 2820 347 2881 τοῖς
368 2806 423 2873 ὑπὸ
447 2811 489 2888 τῷ
507 2805 662 2874 Οὐάλεντι·

280 3363 404 3420 33-37
439 3357 489 3423 καὶ
521 3362 572 3444 τῆς
593 3358 656 3443 περὶ
678 3363 727 3443 τὴν
748 3363 802 3426 iui-

237 3468 308 3543 δραν
339 3456 434 3544 μάχης
463 3460 692 3545 ἀπαγγελθείσης
709 3465 802 3545 ε’χαλί-

236 3589 346 3640 ταινον,
372 3560 417 3628 ὅτι
449 3562 486 3647 μὴ
519 3566 707 3647 παρεγίνοντο
733 3564 801 3648 μηδὲ

236 3661 345 3747 ἤμυναν
379 3665 491 3749 ἄνδρων
517 3663 665 3731 τοσούτων
686 3664 802 3732 amoa-

236 3762 355 3831 υόντων.
388 3764 482 3840 Μόλις
504 3767 534 3833 δὲ
552 3771 653 3840 τείσας
668 3766 717 3834 καὶ
731 3797 802 3851 τιαρ-

237 3864 430 3951 αιτησοίμενος
474 3866 656 3952 ὡρμημένους
696 3869 803 3942 αὐτοὺς

236 3966 354 4054 βάλλειν
387 3969 516 4047 ἀνέζευξε
539 3969 587 4035 καί
611 3974 721 4056 συνῆψε
742 3984 803 4046 τοῖς

235 4069 299 4153 περὶ
322 4074 458 4136 Κεκίναν.

854 2191 906 2229 sus
928 2177 952 2229 et
976 2171 1129 2245 Pontinus,
1164 2187 1229 2227 eum
1262 2170 1409 2246 pendam

854 2292 952 2332 eorum
985 2291 1070 2331 mmo
1101 2277 1235 2348 uteretur,
1261 2274 1357 2334 inani
1370 2289 1407 2331 uo

854 2375 934 2433 mine
959 2375 1065 2433 dueum
1087 2374 1195 2432 atimae
1215 2375 1324 2450 eulpae
1341 2391 1412 2452 prae

855 2477 1046 2536 tendebantur.

897 2614 928 2672 ΙΙ
954 2615 992 2673 27
1017 2612 1165 2694 (Caeoina)
1180 2611 1300 2687 σαλμανα
1318 2613 1356 2672 in
1369 2612 1419 2672 mi·

853 2717 931 2775 litem
961 2715 1129 2791 conferebat,
1158 2714 1297 2773 seditioni
1328 2715 1420 2792 mapio

853 2837 940 2894 quam
972 2817 1079 2893 proelio
1112 2822 1251 2894 paratum
1279 2862 1285 2875 .
1314 2861 1321 2874 .
1348 2863 1356 2876 .
1379 2817 1420 2895 (In

853 2922 946 2998 copiis
997 2920 1074 2979 Fabii
1123 2918 1271 2991 Valentis)
1317 2919 1420 2978 Grani

853 3024 987 3099 alioquin
1020 3021 1120 3080 seditio
1151 3026 1307 3092 exarserat,
1335 3040 1419 3098 quan

852 3126 952 3184 altiore
969 3126 1054 3184 initio
1077 3170 1083 3182 .
1107 3170 1113 3184 .
1137 3169 1143 3181 .
1165 3129 1291 3199 repetam
1309 3143 1337 3183 e.
1356 3145 1385 3202 q.
1399 3143 1420 3184 ε.

853 3229 882 3287 II
906 3229 1040 3287 28-29.

897 3365 926 3422 ΙΙ
948 3365 988 3423 30
1011 3363 1209 3422 Munientibus
1230 3368 1330 3422 eastra
1346 3363 1422 3440 αμιαί

860 3466 993 3525 Ticinum
1016 3465 1048 3524 ale
1069 3464 1187 3523 aduersa
1207 3464 1348 3526 anainae
1364 3485 1421 3542 pu·

854 3588 915 3645 pna
947 3568 1085 3640 adlatum,
1118 3572 1143 3626 et
1170 3585 1263 3642 prope
1283 3573 1422 3627 renouata

853 3671 967 3742 seditio,
991 3675 1138 3745 tamquam
1160 3668 1264 3743 fraude
1286 3675 1313 3726 et
1336 3689 1420 3728 euna·

854 3773 1011 3832 tationibus
1040 3771 1165 3829 Valentis
1180 3771 1292 3846 proelio
1310 3772 1422 3847 desais-

853 3881 930 3933 sent:
945 3873 1170 3948 notmanniam,
1186 3891 1247 3930 non
1261 3880 1422 3948 exspectare

853 3977 962 4048 dueem,
985 3977 1092 4035 anteire
1114 3977 1207 4052 sipna,
1230 3994 1359 4052 nnpuere
1381 3978 1421 4036 si·

852 4079 997 4155 pnifemm
1019 4079 1120 4154 ναμιίίο
1142 4077 1257 4154 apmine
1284 4078 1423 4140 Caecinae

852 4182 1024 4257 iunpuntuu.
