2978 4800
291 258 331 315 28

248 448 349 514 tione
391 444 569 511 abhorret
608 446 700 512 mira
743 427 804 512 illa
846 445 1048 535 verborum
1092 443 1437 529 dispositionisque

250 564 463 632 similitudo.
519 563 614 630 Nam
655 564 782 651 Grcag
824 565 924 651 quod
966 584 1002 649 p.
1040 564 1116 631 748
1156 564 1327 630 Tacitum
1365 562 1438 629 hoc

248 685 329 752 loco
358 684 499 751 auctori
527 684 714 750 communi
742 684 896 769 obloqui
925 683 1141 758 arbitratur,
1163 687 1200 750 et
1218 681 1437 759 Plutarcho,

249 805 296 872 de
323 804 427 870 cuius
456 802 650 889 diligentia
678 803 816 870 dictum
844 804 965 871 estin
994 803 1247 881 Praelatione,
1274 802 1433 868 nimium

250 923 481 990 auctoritatis
523 922 654 988 tribuit
695 942 818 1008 neque
853 922 1075 1001 considerat,
1111 925 1257 1007 quanta
1283 922 1326 988 in
1354 939 1433 988 ora-

249 1043 414 1110 tionibus
453 1042 644 1129 tingendis
685 1042 857 1109 libertate
898 1043 956 1110 usi
998 1042 1072 1108 sint
1111 1047 1261 1109 veteres
1304 1060 1429 1108 rerum

250 1163 460 1249 scriptores

355 1282 515 1349 19-22.
573 1282 685 1360 Haec,
715 1300 921 1367 quaecum
951 1274 1106 1374 ἀναρχίᾳ
1133 1280 1197 1347 illa
1216 1280 1429 1357 cohaerent,

247 1403 387 1469 nullius
415 1411 503 1468 sunt
531 1402 718 1469 momenti.

352 1522 518 1588 22-23.
573 1521 677 1588 Haec
704 1540 751 1587 ex
771 1540 814 1587 ec
835 1520 950 1587 Taciti
967 1520 1060 1599 loce,
1083 1520 1147 1606 qui
1166 1519 1205 1585 in
1225 1518 1429 1586 earundem

248 1642 327 1708 iere
355 1642 625 1708 sententiarum
653 1641 750 1707 serie
776 1641 962 1725 reperitur
977 1632 1015 1724 1),
1045 1645 1128 1707 orta
1155 1658 1239 1706 esse
1257 1642 1428 1724 possunt,

249 1780 482 1854 quamquam¹
506 1761 620 1827 nimia
647 1761 740 1827 haec
766 1779 842 1826 non
871 1765 926 1826 est
954 1759 1168 1827 similitudo.

351 1881 518 1947 24-25.
573 1880 655 1947 Hoc
689 1881 771 1965 ipse
797 1880 906 1946 facile
933 1879 1108 1966 colligere
1135 1879 1260 1964 potuit
1287 1877 1430 1944 Plutar-

249 2001 352 2067 chus
408 2000 483 2068 Gir.
513 2000 658 2067 Lenius.

352 2121 394 2186 V.
424 2121 580 2187 25-27
611 2139 723 2206 quam
752 2120 842 2186 mire
871 2139 952 2185 cum
981 2119 1025 2184 iis
1052 2117 1304 2196 consentiant,
1335 2135 1432 2202 quae

249 2242 287 2306 in
329 2240 459 2306 eodem
500 2258 623 2306 rerum
665 2244 842 2307 contextu
877 2243 964 2306 sunt
999 2238 1099 2323 apud
1128 2237 1297 2304 Tacitum
1314 2229 1354 2323 ²),
1384 2238 1433 2304 in·

249 2360 457 2446 tellegetur,
496 2361 527 2426 si
563 2379 645 2428 cum
673 2360 826 2444 reliquis
857 2360 958 2438 locis
987 2358 1052 2425 ubi
1080 2359 1127 2425 de
1154 2360 1263 2443 patre
1293 2357 1432 2424 Vitellii

251 2479 385 2566 agitur,
427 2479 561 2545 collata
602 2484 722 2545 erunt.
778 2479 894 2545 Multo
937 2478 1033 2544 enim
1075 2476 1320 2544 dissimiliore
1348 2482 1435 2544 sunt

249 2600 333 2665 Tac.
363 2600 381 2666 I
409 2599 433 2666 9
462 2600 626 2666 censoris
654 2599 798 2666 Vitellii
826 2618 871 2665 ac
899 2602 953 2665 ter
982 2597 1149 2664 consulis
1171 2595 1300 2677 fitium
1331 2596 1432 2664 Suet.

249 2720 320 2786 Vit.
351 2721 373 2786 7
403 2723 457 2787 ter
484 2719 651 2786 consulis
681 2710 864 2803 filiuni).

248 2973 336 3031 etiam
371 2972 458 3030 Peter
491 2990 519 3046 p.
556 2974 609 3030 13:
647 2972 757 3049 ›[P1ut.
791 2969 908 3048 Coriol]
932 2972 1002 3046 Cap.
1027 2971 1065 3028 10
1089 2969 1170 3043 gicht
1192 2986 1225 3026 er
1245 2967 1316 3026 eine
1338 2985 1435 3042 ganza

248 3075 330 3133 Rede
361 3075 414 3133 des
446 3074 592 3149 Coriolan,
623 3075 670 3132 die
702 3074 787 3134 Dion.
810 3074 853 3132 Vl
881 3075 920 3132 94
949 3092 1005 3130 nur
1031 3072 1075 3130 als
1103 3071 1242 3146 gehalten
1269 3071 1436 3130 erwlihnt».

352 3192 374 3266 1)
399 3194 434 3252 H.
458 3213 482 3252 e.
505 3195 519 3252 l
542 3197 591 3253 56.
636 3195 743 3253 Lenius
766 3200 917 3268 comparat
939 3193 952 3250 l
977 3194 1003 3263 9,
1026 3193 1076 3268 qui
1101 3198 1200 3249 tamen
1221 3190 1309 3250 locus
1333 3192 1436 3250 minus

249 3296 354 3355 similis
372 3303 428 3354 est.

352 3415 375 3490 2)
399 3415 458 3474 Cir.
485 3434 575 3491 supra
598 3416 638 3491 (p.
662 3417 700 3473 27
720 3415 787 3473 adu.
812 3416 851 3487 2).

352 3535 375 3607 3)
407 3536 439 3593 ld
467 3555 526 3593 non
551 3535 632 3593 videt
655 3534 754 3609 Groag
777 3553 804 3610 p.
829 3537 889 3593 748
914 3534 981 3592 adn.
1006 3535 1034 3592 4.
1057 3568 1099 3574 -
1121 3534 1210 3591 Fabia
1232 3551 1260 3609 p.
1290 3536 1327 3593 18
1352 3553 1433 3594 com·

250 3639 349 3696 munis
373 3639 465 3697 fontis
488 3639 628 3696 indicium
652 3655 719 3696 esse
742 3643 850 3705 censet,
872 3637 952 3713 quod
968 3636 1147 3695 Plutarchus
1168 3635 1252 3695 solus
1269 3635 1432 3697 Claudium

248 3742 404 3800 Caesarem
438 3741 577 3798 nominat.
623 3739 682 3798 Sed
715 3739 770 3797 hoc
804 3739 875 3796 nihil
909 3740 1007 3811 reiert,
1041 3739 1110 3815 quia
1142 3739 1177 3796 L.
1212 3738 1330 3798 Vitellii
1365 3759 1431 3800 cum

248 3843 371 3902 Claudio
404 3843 532 3900 amicitia
566 3843 722 3901 notissima
755 3841 828 3899 fuit:
862 3842 914 3899 cir.
938 3840 1004 3899 Tac.
1026 3843 1104 3899 Ann.
1126 3840 1201 3898 XIV
1224 3843 1274 3901 56.
1298 3877 1340 3886 —-
1365 3843 1432 3902 Non

248 3954 294 4003 est
316 3945 480 4002 absurdum
503 3945 583 4019 quod
608 3945 725 4002 videtur
748 3943 835 4001 Lezio
859 3960 887 4018 p.
913 3944 952 4000 32
975 3950 1005 4000 et
1029 3943 1199 4001 Woelfflino
1215 3942 1320 4020 Oomp.
1335 3963 1367 4022 p.
1384 3947 1432 4024 39,

249 4047 440 4105 Plutarchum
474 4041 584 4125 τρόπον
613 4039 679 4107 τινά
713 4045 873 4117 addidisse,
905 4046 975 4120 quia
1007 4045 1156 4119 ccllcpium
1194 4045 1329 4104 Caesam
1359 4048 1433 4107 falso

249 4150 370 4208 tertium
402 4149 551 4224 quoddam
583 4166 692 4206 munus
716 4148 969 4222 interpretaretur.
1015 4147 1090 4205 Nam
1113 4148 1193 4223 quod
1216 4147 1249 4206 L.
1272 4148 1431 4208 Vitellium

248 4270 349 4309 curam
383 4251 499 4326 imperii
533 4250 716 4309 sustinuisse
750 4251 873 4308 absente
901 4248 1024 4307 Claudio
1047 4250 1237 4325 expeditione
1259 4249 1433 4311 Britannica
