<?xml version="1.0" encoding="UTF-8"?>
<!DOCTYPE html PUBLIC "-//W3C//DTD XHTML 1.0 Transitional//EN"
    "http://www.w3.org/TR/xhtml1/DTD/xhtml1-transitional.dtd">
<html xmlns="http://www.w3.org/1999/xhtml" xml:lang="en" lang="en">
 <head>
  <title>
</title>
<meta http-equiv="Content-Type" content="text/html;charset=utf-8" />
  <meta name='ocr-system' content='tesseract 3.04.00' />
  <meta name='ocr-capabilities' content='ocr_page ocr_carea ocr_par ocr_line ocrx_word'/>
</head>
<body>
  <div class='ocr_page' id='page_1' title='image "./deplutarchoetta00boregoog_0162.png"; bbox 0 0 2978 4800; ppageno 0'>
   <div class='ocr_carea' id='block_1_1' title="bbox 1240 285 1299 344">
    <p class='ocr_par' dir='ltr' id='par_1_1' title="bbox 1240 285 1299 344">
     <span class='ocr_line' id='line_1_1' title="bbox 1240 285 1299 344; baseline 0 -1"><span class='ocrx_word' id='word_1_1' title='bbox 1240 285 1299 344; x_wconf 76' lang='lat'><em>107</em></span> 
     </span>
    </p>
   </div>
   <div class='ocr_carea' id='block_1_2' title="bbox 155 471 1342 677">
    <p class='ocr_par' dir='ltr' id='par_1_2' title="bbox 155 471 1342 677">
     <span class='ocr_line' id='line_1_2' title="bbox 157 471 1342 558; baseline 0.003 -20"><span class='ocrx_word' id='word_1_2' title='bbox 157 471 302 538; x_wconf 90' lang='lat' dir='ltr'><em>sionem</em></span> <span class='ocrx_word' id='word_1_3' title='bbox 334 474 488 539; x_wconf 85' lang='lat' dir='ltr'>similem</span> <span class='ocrx_word' id='word_1_4' title='bbox 518 474 561 552; x_wconf 86' lang='lat' dir='ltr'><em>ei,</em></span> <span class='ocrx_word' id='word_1_5' title='bbox 592 493 690 558; x_wconf 89' lang='lat' dir='ltr'><em>quae</em></span> <span class='ocrx_word' id='word_1_6' title='bbox 719 474 818 557; x_wconf 88' lang='lat' dir='ltr'><em>apud</em></span> <span class='ocrx_word' id='word_1_7' title='bbox 849 474 1015 541; x_wconf 88' lang='lat' dir='ltr'><em>Tacitum</em></span> <span class='ocrx_word' id='word_1_8' title='bbox 1043 474 1242 554; x_wconf 85' lang='lat' dir='ltr'><em>invenitur,</em></span> <span class='ocrx_word' id='word_1_9' title='bbox 1269 477 1342 542; x_wconf 89' lang='lat' dir='ltr'><em>iam</em></span> 
     </span>
     <span class='ocr_line' id='line_1_3' title="bbox 155 584 727 677; baseline 0.005 -21"><span class='ocrx_word' id='word_1_10' title='bbox 155 591 196 657; x_wconf 89' lang='lat' dir='ltr'><em>in</em></span> <span class='ocrx_word' id='word_1_11' title='bbox 223 592 326 659; x_wconf 86' lang='lat' dir='ltr'><em>fonte</em></span> <span class='ocrx_word' id='word_1_12' title='bbox 355 593 541 660; x_wconf 88' lang='lat' dir='ltr'><em>communi</em></span> <span class='ocrx_word' id='word_1_13' title='bbox 560 592 677 660; x_wconf 81' lang='lat' dir='ltr'><em>fuisse</em></span> <span class='ocrx_word' id='word_1_14' title='bbox 690 584 727 677; x_wconf 84' lang='lat'><em>¹).</em></span> 
     </span>
    </p>
   </div>
   <div class='ocr_carea' id='block_1_3' title="bbox 261 709 522 781">
    <p class='ocr_par' dir='ltr' id='par_1_3' title="bbox 261 709 522 781">
     <span class='ocr_line' id='line_1_4' title="bbox 261 709 522 781; baseline -0.011 0"><span class='ocrx_word' id='word_1_15' title='bbox 261 709 301 781; x_wconf 87' lang='lat' dir='ltr'><em>P.</em></span> <span class='ocrx_word' id='word_1_16' title='bbox 335 713 370 781; x_wconf 86' lang='grc' dir='ltr'><em>θ.</em></span> <span class='ocrx_word' id='word_1_17' title='bbox 399 733 427 779; x_wconf 91' lang='grc' dir='ltr'><em>ο.</em></span> <span class='ocrx_word' id='word_1_18' title='bbox 459 713 522 780; x_wconf 86' lang='grc'><em>10.</em></span> 
     </span>
    </p>
   </div>
   <div class='ocr_carea' id='block_1_4' title="bbox 151 853 1344 1250">
    <p class='ocr_par' dir='ltr' id='par_1_4' title="bbox 151 853 1344 1250">
     <span class='ocr_line' id='line_1_5' title="bbox 203 853 1344 943; baseline 0.002 -23"><span class='ocrx_word' id='word_1_19' title='bbox 203 864 286 921; x_wconf 81' lang='grc'><em>1-6</em></span> <span class='ocrx_word' id='word_1_20' title='bbox 309 853 411 931; x_wconf 85' lang='grc' dir='ltr'><strong><em>Αότός</em></strong></span> <span class='ocrx_word' id='word_1_21' title='bbox 433 858 462 924; x_wconf 78' lang='grc' dir='ltr'><em>δὲ</em></span> <span class='ocrx_word' id='word_1_22' title='bbox 483 856 573 925; x_wconf 84' lang='grc' dir='ltr'><strong><em>πάλιν</em></strong></span> <span class='ocrx_word' id='word_1_23' title='bbox 595 861 635 930; x_wconf 83' lang='grc' dir='ltr'><em>εἰς</em></span> <span class='ocrx_word' id='word_1_24' title='bbox 656 857 725 943; x_wconf 86' lang='grc' dir='ltr'><strong><em>Βρί-</em></strong></span> <span class='ocrx_word' id='word_1_25' title='bbox 819 859 850 918; x_wconf 93' lang='grc' dir='ltr'><em>ΙΙ</em></span> <span class='ocrx_word' id='word_1_26' title='bbox 873 863 913 921; x_wconf 89' lang='lat'><em>33</em></span> <span class='ocrx_word' id='word_1_27' title='bbox 945 862 1022 921; x_wconf 84' lang='lat' dir='ltr'><em>idem</em></span> <span class='ocrx_word' id='word_1_28' title='bbox 1043 863 1089 920; x_wconf 82' lang='lat' dir='ltr'><em>illi</em></span> <span class='ocrx_word' id='word_1_29' title='bbox 1109 863 1257 922; x_wconf 74' lang='lat' dir='ltr'><em>deterioris</em></span> <span class='ocrx_word' id='word_1_30' title='bbox 1277 883 1344 922; x_wconf 86' lang='lat' dir='ltr'><em>cou-</em></span> 
     </span>
     <span class='ocr_line' id='line_1_6' title="bbox 155 959 1343 1045; baseline -0.002 -19"><span class='ocrx_word' id='word_1_31' title='bbox 155 965 253 1039; x_wconf 77' lang='grc' dir='ltr'><strong><em>ξιλλον</em></strong></span> <span class='ocrx_word' id='word_1_32' title='bbox 272 959 444 1045; x_wconf 79' lang='grc' dir='ltr'><strong><em>ἄνεχωρησε,</em></strong></span> <span class='ocrx_word' id='word_1_33' title='bbox 466 959 515 1026; x_wconf 84' lang='grc' dir='ltr'><em>καὶ</em></span> <span class='ocrx_word' id='word_1_34' title='bbox 537 963 625 1026; x_wconf 75' lang='grc' dir='ltr'><strong><em>τοῦτο</em></strong></span> <span class='ocrx_word' id='word_1_35' title='bbox 639 985 727 1042; x_wconf 82' lang='grc' dir='ltr'><strong><em>προσ·</em></strong></span> <span class='ocrx_word' id='word_1_36' title='bbox 777 962 840 1020; x_wconf 76' lang='lat' dir='ltr'><em>stur·</em></span> <span class='ocrx_word' id='word_1_37' title='bbox 870 969 997 1023; x_wconf 76' lang='lat' dir='ltr'><strong><em>auctores</em></strong></span> <span class='ocrx_word' id='word_1_38' title='bbox 1025 966 1184 1041; x_wconf 80' lang='lat' dir='ltr'><em>puputere,</em></span> <span class='ocrx_word' id='word_1_39' title='bbox 1215 972 1248 1024; x_wconf 89' lang='lat' dir='ltr'><em>ut</em></span> <span class='ocrx_word' id='word_1_40' title='bbox 1275 967 1343 1024; x_wconf 83' lang='lat' dir='ltr'><em>Bri-</em></span> 
     </span>
     <span class='ocr_line' id='line_1_7' title="bbox 152 1059 1344 1149; baseline -0.002 -21"><span class='ocrx_word' id='word_1_41' title='bbox 152 1059 337 1145; x_wconf 79' lang='grc' dir='ltr'><strong><em>εξαμαρτόν,</em></strong></span> <span class='ocrx_word' id='word_1_42' title='bbox 370 1061 421 1149; x_wconf 85' lang='grc' dir='ltr'><em>οόχ</em></span> <span class='ocrx_word' id='word_1_43' title='bbox 448 1059 494 1129; x_wconf 83' lang='grc' dir='ltr'><strong><em>ότι</em></strong></span> <span class='ocrx_word' id='word_1_44' title='bbox 515 1061 603 1146; x_wconf 90' lang='grc' dir='ltr'><strong><em>μόνον</em></strong></span> <span class='ocrx_word' id='word_1_45' title='bbox 624 1060 676 1146; x_wconf 73' lang='grc' dir='ltr'><strong><em>τὴν</em></strong></span> <span class='ocrx_word' id='word_1_46' title='bbox 697 1065 726 1127; x_wconf 76' lang='grc' dir='ltr'><em>ἐν</em></span> <span class='ocrx_word' id='word_1_47' title='bbox 776 1064 885 1123; x_wconf 66' lang='lat' dir='ltr'><em>aeuum</em></span> <span class='ocrx_word' id='word_1_48' title='bbox 908 1067 1094 1126; x_wconf 84' lang='lat' dir='ltr'><em>concederet.</em></span> <span class='ocrx_word' id='word_1_49' title='bbox 1118 1113 1124 1124; x_wconf 93' lang='lat'><strong>.</strong></span> <span class='ocrx_word' id='word_1_50' title='bbox 1148 1113 1154 1126; x_wconf 99' lang='lat'><strong>.</strong></span> <span class='ocrx_word' id='word_1_51' title='bbox 1176 1068 1207 1126; x_wconf 84' lang='lat' dir='ltr'><em>Is</em></span> <span class='ocrx_word' id='word_1_52' title='bbox 1224 1069 1344 1143; x_wconf 81' lang='lat' dir='ltr'><em>primus</em></span> 
     </span>
     <span class='ocr_line' id='line_1_8' title="bbox 151 1161 1342 1250; baseline -0.001 -21"><span class='ocrx_word' id='word_1_53' title='bbox 151 1161 324 1246; x_wconf 80' lang='grc' dir='ltr'><em>ὀφθαλμοῖς</em></span> <span class='ocrx_word' id='word_1_54' title='bbox 355 1161 446 1230; x_wconf 68' lang='lat' dir='ltr'><em>uiroc</em></span> <span class='ocrx_word' id='word_1_55' title='bbox 475 1162 620 1250; x_wconf 79' lang='grc' dir='ltr'><strong><em>παρόντος</em></strong></span> <span class='ocrx_word' id='word_1_56' title='bbox 651 1166 725 1231; x_wconf 69' lang='grc' dir='ltr'><strong><em>αἰδοῖ</em></strong></span> <span class='ocrx_word' id='word_1_57' title='bbox 776 1167 836 1225; x_wconf 82' lang='lat' dir='ltr'><em>dies</em></span> <span class='ocrx_word' id='word_1_58' title='bbox 875 1167 1056 1227; x_wconf 79' lang='lat' dir='ltr'><em>Otloutouos</em></span> <span class='ocrx_word' id='word_1_59' title='bbox 1083 1175 1183 1245; x_wconf 72' lang='lat' dir='ltr'><em>portae</em></span> <span class='ocrx_word' id='word_1_60' title='bbox 1211 1170 1342 1244; x_wconf 65' lang='lat' dir='ltr'><em>adstruit·</em></span> 
     </span>
    </p>
   </div>
   <div class='ocr_carea' id='block_1_5' title="bbox 151 1263 725 1860">
    <p class='ocr_par' dir='ltr' id='par_1_5' title="bbox 151 1263 725 1860">
     <span class='ocr_line' id='line_1_9' title="bbox 151 1263 724 1353; baseline 0.009 -24"><span class='ocrx_word' id='word_1_61' title='bbox 151 1263 206 1330; x_wconf 79' lang='lat' dir='ltr'><em>uui</em></span> <span class='ocrx_word' id='word_1_62' title='bbox 236 1269 400 1348; x_wconf 68' lang='grc' dir='ltr'><strong><em>φιλοτιμίαν</em></strong></span> <span class='ocrx_word' id='word_1_63' title='bbox 426 1265 529 1350; x_wconf 75' lang='grc' dir='ltr'><strong><em>ἀφεῖλε</em></strong></span> <span class='ocrx_word' id='word_1_64' title='bbox 544 1269 603 1331; x_wconf 73' lang='lat' dir='ltr'><em>‘coir</em></span> <span class='ocrx_word' id='word_1_65' title='bbox 625 1267 724 1353; x_wconf 77' lang='grc' dir='ltr'><strong><em>ἀγωνι-</em></strong></span> 
     </span>
     <span class='ocr_line' id='line_1_10' title="bbox 155 1363 724 1453; baseline 0.009 -22"><span class='ocrx_word' id='word_1_66' title='bbox 155 1369 291 1450; x_wconf 78' lang='grc' dir='ltr'><strong><em>ζομένων,</em></strong></span> <span class='ocrx_word' id='word_1_67' title='bbox 326 1363 402 1432; x_wconf 73' lang='grc' dir='ltr'><em>ἀλλὰ</em></span> <span class='ocrx_word' id='word_1_68' title='bbox 435 1367 485 1434; x_wconf 76' lang='grc' dir='ltr'><em>καί</em></span> <span class='ocrx_word' id='word_1_69' title='bbox 514 1366 583 1442; x_wconf 74' lang='grc' dir='ltr'><strong><em>τοὺς</em></strong></span> <span class='ocrx_word' id='word_1_70' title='bbox 604 1373 724 1453; x_wconf 78' lang='grc' dir='ltr'><strong><em>ἐρρωμε-</em></strong></span> 
     </span>
     <span class='ocr_line' id='line_1_11' title="bbox 153 1465 723 1553; baseline 0.007 -21"><span class='ocrx_word' id='word_1_71' title='bbox 153 1465 315 1542; x_wconf 83' lang='grc' dir='ltr'><strong><em>νεστάτους</em></strong></span> <span class='ocrx_word' id='word_1_72' title='bbox 345 1467 395 1534; x_wconf 77' lang='grc' dir='ltr'><em>καί</em></span> <span class='ocrx_word' id='word_1_73' title='bbox 421 1470 667 1553; x_wconf 76' lang='grc' dir='ltr'><strong><em>προθυμοτάτους</em></strong></span> <span class='ocrx_word' id='word_1_74' title='bbox 689 1477 723 1539; x_wconf 73' lang='grc' dir='ltr'><em>δι’</em></span> 
     </span>
     <span class='ocr_line' id='line_1_12' title="bbox 154 1563 725 1660; baseline 0.009 -26"><span class='ocrx_word' id='word_1_75' title='bbox 154 1563 246 1636; x_wconf 79' lang='grc' dir='ltr'><strong><em>αὐτόν</em></strong></span> <span class='ocrx_word' id='word_1_76' title='bbox 268 1572 360 1643; x_wconf 75' lang='grc' dir='ltr'><strong><em>ἱππεῖς</em></strong></span> <span class='ocrx_word' id='word_1_77' title='bbox 381 1570 432 1636; x_wconf 81' lang='lat' dir='ltr'><em>rui</em></span> <span class='ocrx_word' id='word_1_78' title='bbox 445 1571 547 1648; x_wconf 77' lang='grc' dir='ltr'><strong><em>πεζοὺς</em></strong></span> <span class='ocrx_word' id='word_1_79' title='bbox 565 1571 725 1660; x_wconf 71' lang='grc' dir='ltr'><strong><em>ἀπαγαγὼν</em></strong></span> 
     </span>
     <span class='ocr_line' id='line_1_13' title="bbox 156 1668 725 1760; baseline 0.011 -23"><span class='ocrx_word' id='word_1_80' title='bbox 156 1668 289 1755; x_wconf 74' lang='grc' dir='ltr'><strong><em>φυλακὴν</em></strong></span> <span class='ocrx_word' id='word_1_81' title='bbox 302 1673 356 1737; x_wconf 74' lang='grc' dir='ltr'><strong><em>τοῦ</em></strong></span> <span class='ocrx_word' id='word_1_82' title='bbox 371 1670 507 1756; x_wconf 83' lang='grc' dir='ltr'><strong><em>σωματος</em></strong></span> <span class='ocrx_word' id='word_1_83' title='bbox 522 1671 646 1760; x_wconf 72' lang='grc' dir='ltr'><strong><em>ὡσπερεὶ</em></strong></span> <span class='ocrx_word' id='word_1_84' title='bbox 661 1674 725 1743; x_wconf 87' lang='grc' dir='ltr'><strong><em>στό-</em></strong></span> 
     </span>
     <span class='ocr_line' id='line_1_14' title="bbox 155 1771 689 1860; baseline 0.009 -21"><span class='ocrx_word' id='word_1_85' title='bbox 155 1777 279 1856; x_wconf 52' lang='grc' dir='ltr'><em>μωμαῖ)</em></span> <span class='ocrx_word' id='word_1_86' title='bbox 301 1777 353 1856; x_wconf 78' lang='grc' dir='ltr'><strong><em>τῆς</em></strong></span> <span class='ocrx_word' id='word_1_87' title='bbox 375 1771 525 1858; x_wconf 77' lang='grc' dir='ltr'><strong><em>δυνάμεως</em></strong></span> <span class='ocrx_word' id='word_1_88' title='bbox 547 1775 689 1860; x_wconf 77' lang='grc' dir='ltr'><strong><em>ἀπέκοψε.</em></strong></span> 
     </span>
    </p>
   </div>
   <div class='ocr_carea' id='block_1_6' title="bbox 146 2184 724 2677">
    <p class='ocr_par' dir='ltr' id='par_1_6' title="bbox 146 2184 724 2677">
     <span class='ocr_line' id='line_1_15' title="bbox 202 2184 724 2270; baseline 0.011 -24"><span class='ocrx_word' id='word_1_89' title='bbox 202 2190 282 2247; x_wconf 78' lang='grc'><em>7-9</em></span> <span class='ocrx_word' id='word_1_90' title='bbox 315 2186 427 2270; x_wconf 73' lang='grc' dir='ltr'><strong><em>Συνέβη</em></strong></span> <span class='ocrx_word' id='word_1_91' title='bbox 454 2187 484 2251; x_wconf 76' lang='grc' dir='ltr'><em>δὲ</em></span> <span class='ocrx_word' id='word_1_92' title='bbox 514 2199 578 2258; x_wconf 88' lang='grc' dir='ltr'><strong><em>ταῖς</em></strong></span> <span class='ocrx_word' id='word_1_93' title='bbox 606 2184 724 2270; x_wconf 75' lang='grc' dir='ltr'><strong><em>ἡμέραις</em></strong></span> 
     </span>
     <span class='ocr_line' id='line_1_16' title="bbox 154 2286 723 2372; baseline 0.004 -21"><span class='ocrx_word' id='word_1_94' title='bbox 154 2288 277 2359; x_wconf 69' lang='grc' dir='ltr'><strong><em>ἐκείναις</em></strong></span> <span class='ocrx_word' id='word_1_95' title='bbox 309 2286 359 2352; x_wconf 73' lang='grc' dir='ltr'><em>καὶ</em></span> <span class='ocrx_word' id='word_1_96' title='bbox 391 2286 455 2372; x_wconf 82' lang='grc' dir='ltr'><strong><em>περὶ</em></strong></span> <span class='ocrx_word' id='word_1_97' title='bbox 487 2287 538 2353; x_wconf 84' lang='grc' dir='ltr'><strong><em>τὸν</em></strong></span> <span class='ocrx_word' id='word_1_98' title='bbox 570 2288 723 2370; x_wconf 81' lang='grc' dir='ltr'><strong><em>Ἠριδανὸν</em></strong></span> 
     </span>
     <span class='ocr_line' id='line_1_17' title="bbox 153 2387 722 2474; baseline 0.002 -20"><span class='ocrx_word' id='word_1_99' title='bbox 153 2387 257 2472; x_wconf 70' lang='grc' dir='ltr'><strong><em>οίγοῖνα</em></strong></span> <span class='ocrx_word' id='word_1_100' title='bbox 290 2393 435 2474; x_wconf 74' lang='grc' dir='ltr'><strong><em>γενέσθαι,</em></strong></span> <span class='ocrx_word' id='word_1_101' title='bbox 465 2393 517 2455; x_wconf 78' lang='grc' dir='ltr'><strong><em>τοῦ</em></strong></span> <span class='ocrx_word' id='word_1_102' title='bbox 539 2391 590 2470; x_wconf 80' lang='grc' dir='ltr'><em>μὲν</em></span> <span class='ocrx_word' id='word_1_103' title='bbox 611 2394 722 2457; x_wconf 79' lang='grc' dir='ltr'><strong><em>Κεκίνα</em></strong></span> 
     </span>
     <span class='ocr_line' id='line_1_18' title="bbox 155 2487 722 2575; baseline -0.002 -19"><span class='ocrx_word' id='word_1_104' title='bbox 155 2487 320 2574; x_wconf 74' lang='grc' dir='ltr'><strong><em>ζευγνύντος</em></strong></span> <span class='ocrx_word' id='word_1_105' title='bbox 352 2487 404 2575; x_wconf 76' lang='grc' dir='ltr'><strong><em>τὴν</em></strong></span> <span class='ocrx_word' id='word_1_106' title='bbox 436 2489 579 2575; x_wconf 77' lang='grc' dir='ltr'><strong><em>διάβασιν,</em></strong></span> <span class='ocrx_word' id='word_1_107' title='bbox 612 2493 671 2558; x_wconf 70' lang='grc' dir='ltr'><strong><em>τοῖν</em></strong></span> <span class='ocrx_word' id='word_1_108' title='bbox 693 2491 722 2555; x_wconf 76' lang='grc' dir='ltr'><em>δὲ</em></span> 
     </span>
     <span class='ocr_line' id='line_1_19' title="bbox 146 2589 722 2677; baseline 0 -19"><span class='ocrx_word' id='word_1_109' title='bbox 146 2589 284 2665; x_wconf 77' lang='grc' dir='ltr'><strong><em>Ὄθωνος</em></strong></span> <span class='ocrx_word' id='word_1_110' title='bbox 312 2591 464 2676; x_wconf 81' lang='grc' dir='ltr'><strong><em>εἰργόντων</em></strong></span> <span class='ocrx_word' id='word_1_111' title='bbox 486 2592 535 2658; x_wconf 75' lang='grc' dir='ltr'><em>καὶ</em></span> <span class='ocrx_word' id='word_1_112' title='bbox 556 2619 722 2677; x_wconf 85' lang='grc' dir='ltr'><strong><em>προσμαχο-</em></strong></span> 
     </span>
    </p>
   </div>
   <div class='ocr_carea' id='block_1_7' title="bbox 772 1272 1342 2673">
    <p class='ocr_par' dir='ltr' id='par_1_7' title="bbox 775 1272 1341 2165">
     <span class='ocr_line' id='line_1_20' title="bbox 776 1272 1341 1347; baseline 0.004 -19"><span class='ocrx_word' id='word_1_113' title='bbox 776 1288 902 1345; x_wconf 83' lang='grc' dir='ltr'><strong><em>ιιοιιιιμιι</em></strong></span> <span class='ocrx_word' id='word_1_114' title='bbox 924 1276 949 1328; x_wconf 88' lang='lat' dir='ltr'><em>et</em></span> <span class='ocrx_word' id='word_1_115' title='bbox 969 1289 1036 1329; x_wconf 86' lang='lat' dir='ltr'><em>oum</em></span> <span class='ocrx_word' id='word_1_116' title='bbox 1051 1272 1115 1347; x_wconf 81' lang='lat' dir='ltr'><em>ipso</em></span> <span class='ocrx_word' id='word_1_117' title='bbox 1124 1272 1341 1346; x_wconf 75' lang='lat' dir='ltr'><em>praetoriorum</em></span> 
     </span>
     <span class='ocr_line' id='line_1_21' title="bbox 776 1371 1341 1450; baseline 0.002 -20"><span class='ocrx_word' id='word_1_118' title='bbox 776 1371 935 1431; x_wconf 77' lang='lat' dir='ltr'><em>cohortium</em></span> <span class='ocrx_word' id='word_1_119' title='bbox 966 1379 991 1431; x_wconf 94' lang='lat' dir='ltr'><em>et</em></span> <span class='ocrx_word' id='word_1_120' title='bbox 1023 1373 1233 1449; x_wconf 74' lang='lat' dir='ltr'><em>speculatorum</em></span> <span class='ocrx_word' id='word_1_121' title='bbox 1263 1375 1341 1450; x_wconf 61' lang='lat' dir='ltr'><em>equa&gt;</em></span> 
     </span>
     <span class='ocr_line' id='line_1_22' title="bbox 777 1474 1339 1550; baseline 0.004 -18"><span class='ocrx_word' id='word_1_122' title='bbox 777 1480 894 1550; x_wconf 79' lang='lat' dir='ltr'><em>turrique</em></span> <span class='ocrx_word' id='word_1_123' title='bbox 929 1474 1024 1533; x_wconf 78' lang='grc' dir='ltr'><strong><em>υοίίιίο</em></strong></span> <span class='ocrx_word' id='word_1_124' title='bbox 1059 1494 1167 1534; x_wconf 79' lang='lat' dir='ltr'><em>monus</em></span> <span class='ocrx_word' id='word_1_125' title='bbox 1201 1476 1339 1548; x_wconf 79' lang='lat' dir='ltr'><em>discessit,</em></span> 
     </span>
     <span class='ocr_line' id='line_1_23' title="bbox 776 1577 1340 1653; baseline 0.002 -19"><span class='ocrx_word' id='word_1_126' title='bbox 776 1582 801 1634; x_wconf 91' lang='lat' dir='ltr'><em>et</em></span> <span class='ocrx_word' id='word_1_127' title='bbox 831 1577 1044 1636; x_wconf 83' lang='lat' dir='ltr'><em>remoueutiuru</em></span> <span class='ocrx_word' id='word_1_128' title='bbox 1078 1579 1189 1653; x_wconf 82' lang='lat' dir='ltr'><em>fructus</em></span> <span class='ocrx_word' id='word_1_129' title='bbox 1210 1578 1340 1650; x_wconf 79' lang='lat' dir='ltr'><em>animus,</em></span> 
     </span>
     <span class='ocr_line' id='line_1_24' title="bbox 776 1680 1340 1755; baseline 0.004 -18"><span class='ocrx_word' id='word_1_130' title='bbox 776 1680 892 1754; x_wconf 77' lang='lat' dir='ltr'><em>quaudo</em></span> <span class='ocrx_word' id='word_1_131' title='bbox 925 1681 1049 1755; x_wconf 84' lang='lat' dir='ltr'><em>suspecti</em></span> <span class='ocrx_word' id='word_1_132' title='bbox 1081 1681 1164 1739; x_wconf 80' lang='lat' dir='ltr'><em>druos</em></span> <span class='ocrx_word' id='word_1_133' title='bbox 1197 1687 1222 1739; x_wconf 92' lang='lat' dir='ltr'><em>et</em></span> <span class='ocrx_word' id='word_1_134' title='bbox 1260 1680 1340 1755; x_wconf 84' lang='lat' dir='ltr'><em>ouo,</em></span> 
     </span>
     <span class='ocr_line' id='line_1_25' title="bbox 775 1782 1341 1858; baseline 0.002 -19"><span class='ocrx_word' id='word_1_135' title='bbox 775 1782 824 1839; x_wconf 84' lang='lat' dir='ltr'><em>cui</em></span> <span class='ocrx_word' id='word_1_136' title='bbox 846 1782 902 1839; x_wconf 85' lang='lat' dir='ltr'><em>uui</em></span> <span class='ocrx_word' id='word_1_137' title='bbox 924 1783 1003 1857; x_wconf 79' lang='lat' dir='ltr'><em>apud</em></span> <span class='ocrx_word' id='word_1_138' title='bbox 1023 1783 1146 1841; x_wconf 83' lang='lat' dir='ltr'><em>ruttiteru</em></span> <span class='ocrx_word' id='word_1_139' title='bbox 1168 1783 1247 1858; x_wconf 65' lang='lat' dir='ltr'><em>(totu,</em></span> <span class='ocrx_word' id='word_1_140' title='bbox 1270 1783 1341 1841; x_wconf 86' lang='lat' dir='ltr'><em>dum</em></span> 
     </span>
     <span class='ocr_line' id='line_1_26' title="bbox 775 1884 1340 1959; baseline 0.002 -18"><span class='ocrx_word' id='word_1_141' title='bbox 775 1889 801 1942; x_wconf 93' lang='lat' dir='ltr'><em>et</em></span> <span class='ocrx_word' id='word_1_142' title='bbox 829 1884 891 1959; x_wconf 80' lang='lat' dir='ltr'><em>ipse</em></span> <span class='ocrx_word' id='word_1_143' title='bbox 917 1903 978 1942; x_wconf 81' lang='lat' dir='ltr'><em>rou</em></span> <span class='ocrx_word' id='word_1_144' title='bbox 999 1885 1062 1942; x_wconf 82' lang='lat' dir='ltr'><em>uisi</em></span> <span class='ocrx_word' id='word_1_145' title='bbox 1083 1885 1226 1943; x_wconf 78' lang='lat' dir='ltr'><em>militibus</em></span> <span class='ocrx_word' id='word_1_146' title='bbox 1247 1887 1340 1950; x_wconf 77' lang='lat' dir='ltr'><em>credit,</em></span> 
     </span>
     <span class='ocr_line' id='line_1_27' title="bbox 775 1986 1340 2061; baseline 0.004 -18"><span class='ocrx_word' id='word_1_147' title='bbox 775 1987 899 2061; x_wconf 75' lang='lat' dir='ltr'><em>irnperio</em></span> <span class='ocrx_word' id='word_1_148' title='bbox 931 1986 1038 2044; x_wconf 77' lang='lat' dir='ltr'><em>diuum</em></span> <span class='ocrx_word' id='word_1_149' title='bbox 1071 1987 1104 2043; x_wconf 86' lang='lat' dir='ltr'><em>iu</em></span> <span class='ocrx_word' id='word_1_150' title='bbox 1137 1987 1243 2045; x_wconf 82' lang='lat' dir='ltr'><em>iuoerto</em></span> <span class='ocrx_word' id='word_1_151' title='bbox 1275 1987 1340 2045; x_wconf 84' lang='lat' dir='ltr'><em>reti·</em></span> 
     </span>
     <span class='ocr_line' id='line_1_28' title="bbox 775 2095 882 2165; baseline -0.009 -19"><span class='ocrx_word' id='word_1_152' title='bbox 775 2095 882 2165; x_wconf 81' lang='lat' dir='ltr'><em>querat.</em></span> 
     </span>
    </p>

    <p class='ocr_par' dir='ltr' id='par_1_8' title="bbox 772 2191 1342 2673">
     <span class='ocr_line' id='line_1_29' title="bbox 818 2191 1338 2250; baseline -0.002 0"><span class='ocrx_word' id='word_1_153' title='bbox 818 2191 848 2250; x_wconf 91' lang='lat' dir='ltr'><em>ll</em></span> <span class='ocrx_word' id='word_1_154' title='bbox 872 2194 911 2250; x_wconf 79' lang='lat'><em>34</em></span> <span class='ocrx_word' id='word_1_155' title='bbox 943 2191 1064 2250; x_wconf 79' lang='lat' dir='ltr'><em>Caecina</em></span> <span class='ocrx_word' id='word_1_156' title='bbox 1084 2210 1118 2249; x_wconf 87' lang='lat' dir='ltr'><em>uo</em></span> <span class='ocrx_word' id='word_1_157' title='bbox 1145 2191 1248 2249; x_wconf 83' lang='lat' dir='ltr'><em>Voteus</em></span> <span class='ocrx_word' id='word_1_158' title='bbox 1270 2237 1276 2248; x_wconf 91' lang='lat'><strong>.</strong></span> <span class='ocrx_word' id='word_1_159' title='bbox 1301 2237 1306 2248; x_wconf 95' lang='lat'><strong>.</strong></span> <span class='ocrx_word' id='word_1_160' title='bbox 1333 2238 1338 2249; x_wconf 95' lang='lat'><strong>.</strong></span> 
     </span>
     <span class='ocr_line' id='line_1_30' title="bbox 774 2293 1342 2369; baseline -0.004 -17"><span class='ocrx_word' id='word_1_161' title='bbox 774 2295 905 2354; x_wconf 78' lang='lat' dir='ltr'><em>iuctooto</em></span> <span class='ocrx_word' id='word_1_162' title='bbox 939 2301 1027 2369; x_wconf 86' lang='lat' dir='ltr'><em>poute</em></span> <span class='ocrx_word' id='word_1_163' title='bbox 1068 2293 1225 2351; x_wconf 80' lang='lat' dir='ltr'><em>trouaituru</em></span> <span class='ocrx_word' id='word_1_164' title='bbox 1265 2293 1342 2351; x_wconf 81' lang='lat' dir='ltr'><em>Porti</em></span> 
     </span>
     <span class='ocr_line' id='line_1_31' title="bbox 774 2396 1338 2471; baseline -0.002 -17"><span class='ocrx_word' id='word_1_165' title='bbox 774 2398 945 2454; x_wconf 80' lang='lat' dir='ltr'><em>siurutautes</em></span> <span class='ocrx_word' id='word_1_166' title='bbox 995 2396 1131 2454; x_wconf 83' lang='lat' dir='ltr'><em>aduersus</em></span> <span class='ocrx_word' id='word_1_167' title='bbox 1178 2396 1338 2471; x_wconf 80' lang='lat' dir='ltr'><em>oppositam</em></span> 
     </span>
     <span class='ocr_line' id='line_1_32' title="bbox 772 2497 1339 2575; baseline -0.002 -19"><span class='ocrx_word' id='word_1_168' title='bbox 772 2498 964 2575; x_wconf 77' lang='lat' dir='ltr'><em>qtudr&#39;atorurrr</em></span> <span class='ocrx_word' id='word_1_169' title='bbox 996 2516 1128 2556; x_wconf 86' lang='grc' dir='ltr'><strong><em>ιιναιιιιιιι.</em></strong></span> <span class='ocrx_word' id='word_1_170' title='bbox 1166 2497 1259 2571; x_wconf 87' lang='lat' dir='ltr'><em>(Pons</em></span> <span class='ocrx_word' id='word_1_171' title='bbox 1289 2498 1339 2556; x_wconf 87' lang='lat' dir='ltr'><em>de-</em></span> 
     </span>
     <span class='ocr_line' id='line_1_33' title="bbox 774 2597 1339 2673; baseline 0 -17"><span class='ocrx_word' id='word_1_172' title='bbox 774 2598 929 2669; x_wconf 72' lang='lat' dir='ltr'><em>scribitur.)</em></span> <span class='ocrx_word' id='word_1_173' title='bbox 968 2597 1127 2656; x_wconf 83' lang='lat' dir='ltr'><em>Otltour&#39;oru&#39;</em></span> <span class='ocrx_word' id='word_1_174' title='bbox 1147 2598 1181 2655; x_wconf 80' lang='grc' dir='ltr'><em>ιἰι</em></span> <span class='ocrx_word' id='word_1_175' title='bbox 1197 2599 1264 2673; x_wconf 84' lang='lat' dir='ltr'><em>ripa</em></span> <span class='ocrx_word' id='word_1_176' title='bbox 1279 2604 1339 2656; x_wconf 90' lang='lat' dir='ltr'><em>tur-</em></span> 
     </span>
    </p>
   </div>
   <div class='ocr_carea' id='block_1_8' title="bbox 772 2701 1340 2863">
    <p class='ocr_par' dir='ltr' id='par_1_9' title="bbox 772 2701 1340 2863">
     <span class='ocr_line' id='line_1_34' title="bbox 772 2701 1340 2776; baseline -0.002 -17"><span class='ocrx_word' id='word_1_177' title='bbox 772 2702 832 2759; x_wconf 84' lang='lat' dir='ltr'><em>riua</em></span> <span class='ocrx_word' id='word_1_178' title='bbox 865 2705 1029 2758; x_wconf 79' lang='lat' dir='ltr'><em>strureruut</em></span> <span class='ocrx_word' id='word_1_179' title='bbox 1059 2717 1186 2776; x_wconf 80' lang='lat' dir='ltr'><em>suraque</em></span> <span class='ocrx_word' id='word_1_180' title='bbox 1217 2706 1242 2758; x_wconf 90' lang='lat' dir='ltr'><em>et</em></span> <span class='ocrx_word' id='word_1_181' title='bbox 1262 2701 1340 2775; x_wconf 80' lang='lat' dir='ltr'><em>foces</em></span> 
     </span>
     <span class='ocr_line' id='line_1_35' title="bbox 772 2804 979 2863; baseline -0.005 -1"><span class='ocrx_word' id='word_1_182' title='bbox 772 2804 979 2863; x_wconf 85' lang='lat' dir='ltr'><em>iaculabantur.</em></span> 
     </span>
    </p>
   </div>
   <div class='ocr_carea' id='block_1_9' title="bbox 153 2695 256 2775">
    <p class='ocr_par' dir='ltr' id='par_1_10' title="bbox 153 2695 256 2775">
     <span class='ocr_line' id='line_1_36' title="bbox 153 2695 256 2775; baseline 0.019 -18"><span class='ocrx_word' id='word_1_183' title='bbox 153 2695 256 2775; x_wconf 82' lang='grc' dir='ltr'><strong><em>μένων.</em></strong></span> 
     </span>
    </p>
   </div>
   <div class='ocr_carea' id='block_1_10' title="bbox 153 2901 721 3298">
    <p class='ocr_par' dir='ltr' id='par_1_11' title="bbox 153 2901 721 3298">
     <span class='ocr_line' id='line_1_37' title="bbox 202 2901 721 2989; baseline 0.015 -24"><span class='ocrx_word' id='word_1_184' title='bbox 202 2909 326 2967; x_wconf 86' lang='grc'><strong>10-16</strong></span> <span class='ocrx_word' id='word_1_185' title='bbox 348 2901 401 2977; x_wconf 79' lang='grc' dir='ltr'><em>Ὡς</em></span> <span class='ocrx_word' id='word_1_186' title='bbox 423 2905 452 2969; x_wconf 75' lang='grc' dir='ltr'><em>δὲ</em></span> <span class='ocrx_word' id='word_1_187' title='bbox 471 2904 551 2970; x_wconf 70' lang='grc' dir='ltr'><strong><em>οὐδὲν</em></strong></span> <span class='ocrx_word' id='word_1_188' title='bbox 566 2908 721 2989; x_wconf 78' lang='grc' dir='ltr'><strong><em>ἐπέραινον,</em></strong></span> 
     </span>
     <span class='ocr_line' id='line_1_38' title="bbox 155 3003 721 3093; baseline 0.012 -25"><span class='ocrx_word' id='word_1_189' title='bbox 155 3008 319 3089; x_wconf 78' lang='grc' dir='ltr'><strong><em>ἐνθεμένων</em></strong></span> <span class='ocrx_word' id='word_1_190' title='bbox 341 3008 380 3079; x_wconf 80' lang='grc' dir='ltr'><em>εἰς</em></span> <span class='ocrx_word' id='word_1_191' title='bbox 394 3003 433 3072; x_wconf 79' lang='grc' dir='ltr'><strong><em>τό</em></strong></span> <span class='ocrx_word' id='word_1_192' title='bbox 445 3014 532 3073; x_wconf 76' lang='grc' dir='ltr'><strong><em>πλοῖα</em></strong></span> <span class='ocrx_word' id='word_1_193' title='bbox 548 3010 623 3093; x_wconf 74' lang='grc' dir='ltr'><strong><em>δᾷδα</em></strong></span> <span class='ocrx_word' id='word_1_194' title='bbox 638 3010 721 3075; x_wconf 87' lang='grc' dir='ltr'><strong><em>θείου</em></strong></span> 
     </span>
     <span class='ocr_line' id='line_1_39' title="bbox 154 3104 721 3194; baseline 0.011 -23"><span class='ocrx_word' id='word_1_195' title='bbox 154 3104 206 3171; x_wconf 79' lang='grc' dir='ltr'><em>καὶ</em></span> <span class='ocrx_word' id='word_1_196' title='bbox 218 3109 319 3192; x_wconf 80' lang='grc' dir='ltr'><strong><em>πίττης</em></strong></span> <span class='ocrx_word' id='word_1_197' title='bbox 334 3105 489 3174; x_wconf 76' lang='grc' dir='ltr'><strong><em>ἀνάπλεων</em></strong></span> <span class='ocrx_word' id='word_1_198' title='bbox 503 3109 551 3174; x_wconf 79' lang='grc' dir='ltr'><em>διὰ</em></span> <span class='ocrx_word' id='word_1_199' title='bbox 565 3113 617 3174; x_wconf 81' lang='grc' dir='ltr'><strong><em>τοῦ</em></strong></span> <span class='ocrx_word' id='word_1_200' title='bbox 631 3108 721 3194; x_wconf 85' lang='grc' dir='ltr'><strong><em>πόρου</em></strong></span> 
     </span>
     <span class='ocr_line' id='line_1_40' title="bbox 153 3209 721 3298; baseline 0.009 -24"><span class='ocrx_word' id='word_1_201' title='bbox 153 3210 267 3291; x_wconf 79' lang='grc' dir='ltr'><strong><em>πνεῦμοι</em></strong></span> <span class='ocrx_word' id='word_1_202' title='bbox 289 3210 452 3292; x_wconf 86' lang='grc' dir='ltr'><strong><em>προσπεσὸν</em></strong></span> <span class='ocrx_word' id='word_1_203' title='bbox 471 3210 556 3294; x_wconf 81' lang='grc' dir='ltr'><strong><em>όφνω</em></strong></span> <span class='ocrx_word' id='word_1_204' title='bbox 578 3209 629 3296; x_wconf 73' lang='grc' dir='ltr'><strong><em>τὴν</em></strong></span> <span class='ocrx_word' id='word_1_205' title='bbox 649 3241 721 3298; x_wconf 84' lang='grc' dir='ltr'><strong><em>παρ-</em></strong></span> 
     </span>
    </p>
   </div>
   <div class='ocr_carea' id='block_1_11' title="bbox 156 3310 722 3396">
    <p class='ocr_par' dir='ltr' id='par_1_12' title="bbox 156 3310 722 3396">
     <span class='ocr_line' id='line_1_41' title="bbox 156 3310 722 3396; baseline 0.011 -21"><span class='ocrx_word' id='word_1_206' title='bbox 156 3314 365 3396; x_wconf 76' lang='grc' dir='ltr'><strong><em>εσκευασμένην</em></strong></span> <span class='ocrx_word' id='word_1_207' title='bbox 395 3310 463 3396; x_wconf 71' lang='lat' dir='ltr'><em>illua</em></span> <span class='ocrx_word' id='word_1_208' title='bbox 486 3312 530 3378; x_wconf 76' lang='grc' dir='ltr'><em>ἐπὶ</em></span> <span class='ocrx_word' id='word_1_209' title='bbox 552 3312 620 3387; x_wconf 76' lang='grc' dir='ltr'><strong><em>τοὺς</em></strong></span> <span class='ocrx_word' id='word_1_210' title='bbox 642 3324 722 3381; x_wconf 82' lang='grc' dir='ltr'><strong><em>πολε·</em></strong></span> 
     </span>
    </p>
   </div>
   <div class='ocr_carea' id='block_1_12' title="bbox 152 3503 1337 4282">
    <p class='ocr_par' dir='ltr' id='par_1_13' title="bbox 152 3503 1337 4282">
     <span class='ocr_line' id='line_1_42' title="bbox 261 3503 1336 3582; baseline -0.001 -19"><span class='ocrx_word' id='word_1_211' title='bbox 261 3503 283 3579; x_wconf 86' lang='lat'><em>¹)</em></span> <span class='ocrx_word' id='word_1_212' title='bbox 316 3504 375 3563; x_wconf 83' lang='lat' dir='ltr'><em>Clr.</em></span> <span class='ocrx_word' id='word_1_213' title='bbox 401 3503 499 3579; x_wconf 67' lang='grc' dir='ltr'><em>(θιοορ,Γ</em></span> <span class='ocrx_word' id='word_1_214' title='bbox 523 3524 549 3580; x_wconf 88' lang='lat' dir='ltr'><em>p.</em></span> <span class='ocrx_word' id='word_1_215' title='bbox 575 3509 644 3565; x_wconf 77' lang='lat'><strong>757.</strong></span> <span class='ocrx_word' id='word_1_216' title='bbox 669 3542 708 3549; x_wconf 91' lang='lat'><em>—-</em></span> <span class='ocrx_word' id='word_1_217' title='bbox 748 3507 818 3566; x_wconf 85' lang='lat' dir='ltr'><em>luod</em></span> <span class='ocrx_word' id='word_1_218' title='bbox 842 3506 963 3564; x_wconf 81' lang='lat' dir='ltr'><em>Tacitus</em></span> <span class='ocrx_word' id='word_1_219' title='bbox 987 3506 1016 3564; x_wconf 93' lang='lat' dir='ltr'><em>Il</em></span> <span class='ocrx_word' id='word_1_220' title='bbox 1040 3509 1079 3565; x_wconf 81' lang='lat'><em>38</em></span> <span class='ocrx_word' id='word_1_221' title='bbox 1105 3506 1249 3582; x_wconf 84' lang='lat' dir='ltr'><em>quosdam</em></span> <span class='ocrx_word' id='word_1_222' title='bbox 1273 3505 1336 3564; x_wconf 88' lang='lat' dir='ltr'><em>Sal·</em></span> 
     </span>
     <span class='ocr_line' id='line_1_43' title="bbox 155 3607 1337 3681; baseline 0.003 -18"><span class='ocrx_word' id='word_1_223' title='bbox 155 3607 238 3665; x_wconf 88' lang='lat' dir='ltr'><em>lustii</em></span> <span class='ocrx_word' id='word_1_224' title='bbox 273 3607 353 3665; x_wconf 87' lang='lat' dir='ltr'><em>locos</em></span> <span class='ocrx_word' id='word_1_225' title='bbox 387 3607 522 3665; x_wconf 87' lang='lat' dir='ltr'><em>imitatus</em></span> <span class='ocrx_word' id='word_1_226' title='bbox 555 3613 611 3681; x_wconf 77' lang='lat' dir='ltr'><em>est,</em></span> <span class='ocrx_word' id='word_1_227' title='bbox 635 3609 709 3665; x_wconf 86' lang='lat' dir='ltr'>nihil</span> <span class='ocrx_word' id='word_1_228' title='bbox 732 3609 800 3667; x_wconf 87' lang='lat' dir='ltr'><em>inde</em></span> <span class='ocrx_word' id='word_1_229' title='bbox 819 3609 856 3667; x_wconf 92' lang='lat' dir='ltr'><em>de</em></span> <span class='ocrx_word' id='word_1_230' title='bbox 880 3608 1029 3666; x_wconf 82' lang='lat' dir='ltr'><em>Plutarchi</em></span> <span class='ocrx_word' id='word_1_231' title='bbox 1053 3615 1083 3667; x_wconf 88' lang='lat' dir='ltr'><em>et</em></span> <span class='ocrx_word' id='word_1_232' title='bbox 1106 3607 1198 3666; x_wconf 79' lang='lat' dir='ltr'><em>Taciti</em></span> <span class='ocrx_word' id='word_1_233' title='bbox 1223 3608 1337 3666; x_wconf 83' lang='lat' dir='ltr'><em>ratione</em></span> 
     </span>
     <span class='ocr_line' id='line_1_44' title="bbox 153 3709 1336 3787; baseline 0.002 -21"><span class='ocrx_word' id='word_1_234' title='bbox 153 3710 227 3767; x_wconf 83' lang='lat' dir='ltr'><em>disci</em></span> <span class='ocrx_word' id='word_1_235' title='bbox 251 3716 358 3785; x_wconf 89' lang='lat' dir='ltr'><em>potest.</em></span> <span class='ocrx_word' id='word_1_236' title='bbox 396 3709 471 3767; x_wconf 88' lang='lat' dir='ltr'><em>Nam</em></span> <span class='ocrx_word' id='word_1_237' title='bbox 495 3710 585 3768; x_wconf 87' lang='lat' dir='ltr'><em>Lezio</em></span> <span class='ocrx_word' id='word_1_238' title='bbox 610 3729 637 3786; x_wconf 90' lang='lat' dir='ltr'><em>p.</em></span> <span class='ocrx_word' id='word_1_239' title='bbox 666 3713 721 3770; x_wconf 64' lang='lat'><em>12?</em></span> <span class='ocrx_word' id='word_1_240' title='bbox 745 3711 812 3770; x_wconf 89' lang='lat' dir='ltr'><em>adn.</em></span> <span class='ocrx_word' id='word_1_241' title='bbox 838 3714 864 3782; x_wconf 79' lang='lat'><em>1,</em></span> <span class='ocrx_word' id='word_1_242' title='bbox 888 3711 1023 3769; x_wconf 82' lang='lat' dir='ltr'><em>Cornelio</em></span> <span class='ocrx_word' id='word_1_243' title='bbox 1046 3730 1074 3787; x_wconf 88' lang='lat' dir='ltr'><em>p.</em></span> <span class='ocrx_word' id='word_1_244' title='bbox 1098 3712 1117 3768; x_wconf 79' lang='lat'>4</span> <span class='ocrx_word' id='word_1_245' title='bbox 1141 3729 1195 3786; x_wconf 66' lang='lat' dir='ltr'><em>sq„</em></span> <span class='ocrx_word' id='word_1_246' title='bbox 1217 3711 1336 3769; x_wconf 89' lang='lat' dir='ltr'><em>Klebsio</em></span> 
     </span>
     <span class='ocr_line' id='line_1_45' title="bbox 152 3813 1336 3889; baseline -0.002 -18"><span class='ocrx_word' id='word_1_247' title='bbox 152 3831 181 3888; x_wconf 89' lang='lat' dir='ltr'><em>p.</em></span> <span class='ocrx_word' id='word_1_248' title='bbox 205 3814 266 3871; x_wconf 77' lang='lat'><em>308</em></span> <span class='ocrx_word' id='word_1_249' title='bbox 291 3813 399 3870; x_wconf 86' lang='lat' dir='ltr'><em>hocin</em></span> <span class='ocrx_word' id='word_1_250' title='bbox 424 3818 560 3870; x_wconf 86' lang='lat' dir='ltr'><em>nostrum</em></span> <span class='ocrx_word' id='word_1_251' title='bbox 595 3831 685 3870; x_wconf 85' lang='lat' dir='ltr'><em>usum</em></span> <span class='ocrx_word' id='word_1_252' title='bbox 719 3819 893 3872; x_wconf 87' lang='lat' dir='ltr'><em>convertere</em></span> <span class='ocrx_word' id='word_1_253' title='bbox 924 3813 1038 3872; x_wconf 87' lang='lat' dir='ltr'><em>conatis</em></span> <span class='ocrx_word' id='word_1_254' title='bbox 1063 3813 1225 3889; x_wconf 83' lang='lat' dir='ltr'><em>respondet</em></span> <span class='ocrx_word' id='word_1_255' title='bbox 1249 3813 1336 3870; x_wconf 81' lang='lat' dir='ltr'><em>Fabia</em></span> 
     </span>
     <span class='ocr_line' id='line_1_46' title="bbox 152 3913 1336 3991; baseline 0 -18"><span class='ocrx_word' id='word_1_256' title='bbox 152 3933 181 3991; x_wconf 89' lang='lat' dir='ltr'><em>p.</em></span> <span class='ocrx_word' id='word_1_257' title='bbox 200 3917 259 3973; x_wconf 80' lang='lat'><em>113</em></span> <span class='ocrx_word' id='word_1_258' title='bbox 283 3916 348 3973; x_wconf 88' lang='lat' dir='ltr'><em>adn.</em></span> <span class='ocrx_word' id='word_1_259' title='bbox 375 3915 389 3973; x_wconf 92' lang='lat' dir='ltr'><em>l</em></span> <span class='ocrx_word' id='word_1_260' title='bbox 415 3916 477 3990; x_wconf 84' lang='lat' dir='ltr'><em>(cir.</em></span> <span class='ocrx_word' id='word_1_261' title='bbox 501 3913 600 3990; x_wconf 82' lang='lat' dir='ltr'><em>Grcag</em></span> <span class='ocrx_word' id='word_1_262' title='bbox 622 3933 650 3991; x_wconf 91' lang='lat' dir='ltr'><em>p.</em></span> <span class='ocrx_word' id='word_1_263' title='bbox 675 3917 734 3975; x_wconf 79' lang='lat'><em>737</em></span> <span class='ocrx_word' id='word_1_264' title='bbox 757 3917 825 3974; x_wconf 85' lang='lat' dir='ltr'><em>adn.</em></span> <span class='ocrx_word' id='word_1_265' title='bbox 849 3917 890 3991; x_wconf 87' lang='lat'><em>3),</em></span> <span class='ocrx_word' id='word_1_266' title='bbox 912 3934 988 3991; x_wconf 85' lang='lat' dir='ltr'><em>quae</em></span> <span class='ocrx_word' id='word_1_267' title='bbox 1010 3935 1027 3974; x_wconf 89' lang='lat' dir='ltr'><em>a</em></span> <span class='ocrx_word' id='word_1_268' title='bbox 1050 3915 1191 3974; x_wconf 83' lang='lat' dir='ltr'><em>Sallustio</em></span> <span class='ocrx_word' id='word_1_269' title='bbox 1217 3914 1336 3973; x_wconf 83' lang='lat' dir='ltr'><em>Tacitus</em></span> 
     </span>
     <span class='ocr_line' id='line_1_47' title="bbox 153 4017 1336 4094; baseline 0.002 -20"><span class='ocrx_word' id='word_1_270' title='bbox 153 4018 370 4092; x_wconf 78' lang='lat' dir='ltr'><em>transtulisset,</em></span> <span class='ocrx_word' id='word_1_271' title='bbox 392 4036 426 4076; x_wconf 86' lang='lat' dir='ltr'><em>ea</em></span> <span class='ocrx_word' id='word_1_272' title='bbox 448 4019 514 4092; x_wconf 90' lang='lat' dir='ltr'><em>ipsa</em></span> <span class='ocrx_word' id='word_1_273' title='bbox 537 4018 617 4094; x_wconf 86' lang='lat' dir='ltr'><em>apud</em></span> <span class='ocrx_word' id='word_1_274' title='bbox 641 4018 831 4077; x_wconf 84' lang='lat' dir='ltr'><em>Plutarchum</em></span> <span class='ocrx_word' id='word_1_275' title='bbox 858 4036 918 4076; x_wconf 88' lang='lat' dir='ltr'><em>uon</em></span> <span class='ocrx_word' id='word_1_276' title='bbox 942 4019 1073 4094; x_wconf 90' lang='lat' dir='ltr'><em>reperiri.</em></span> <span class='ocrx_word' id='word_1_277' title='bbox 1110 4017 1215 4093; x_wconf 85' lang='lat' dir='ltr'><em>Neque</em></span> <span class='ocrx_word' id='word_1_278' title='bbox 1236 4023 1336 4076; x_wconf 87' lang='lat' dir='ltr'><em>tamen</em></span> 
     </span>
     <span class='ocr_line' id='line_1_48' title="bbox 153 4119 1335 4197; baseline -0.001 -20"><span class='ocrx_word' id='word_1_279' title='bbox 153 4120 209 4177; x_wconf 89' lang='lat' dir='ltr'><em>hoc</em></span> <span class='ocrx_word' id='word_1_280' title='bbox 231 4120 398 4177; x_wconf 87' lang='lat' dir='ltr'><em>communis</em></span> <span class='ocrx_word' id='word_1_281' title='bbox 422 4120 511 4177; x_wconf 84' lang='lat' dir='ltr'><em>lentis</em></span> <span class='ocrx_word' id='word_1_282' title='bbox 535 4127 582 4178; x_wconf 91' lang='lat' dir='ltr'><em>est</em></span> <span class='ocrx_word' id='word_1_283' title='bbox 604 4120 757 4194; x_wconf 80' lang='lat' dir='ltr'><em>indicium,</em></span> <span class='ocrx_word' id='word_1_284' title='bbox 779 4121 921 4197; x_wconf 89' lang='lat' dir='ltr'><em>quoniam</em></span> <span class='ocrx_word' id='word_1_285' title='bbox 943 4121 999 4178; x_wconf 88' lang='lat' dir='ltr'><em>alia</em></span> <span class='ocrx_word' id='word_1_286' title='bbox 1022 4137 1141 4196; x_wconf 88' lang='lat' dir='ltr'><em>quoque</em></span> <span class='ocrx_word' id='word_1_287' title='bbox 1156 4120 1250 4177; x_wconf 86' lang='lat' dir='ltr'><em>multa</em></span> <span class='ocrx_word' id='word_1_288' title='bbox 1266 4119 1335 4176; x_wconf 90' lang='lat' dir='ltr'><em>Plu-</em></span> 
     </span>
     <span class='ocr_line' id='line_1_49' title="bbox 152 4222 851 4282; baseline 0.004 -3"><span class='ocrx_word' id='word_1_289' title='bbox 152 4223 272 4280; x_wconf 86' lang='lat' dir='ltr'><em>tarchus</em></span> <span class='ocrx_word' id='word_1_290' title='bbox 296 4222 367 4280; x_wconf 89' lang='lat' dir='ltr'><em>hinc</em></span> <span class='ocrx_word' id='word_1_291' title='bbox 389 4222 528 4279; x_wconf 84' lang='lat' dir='ltr'><em>detraxit.</em></span> <span class='ocrx_word' id='word_1_292' title='bbox 552 4257 592 4264; x_wconf 92' lang='lat'><em>--</em></span> <span class='ocrx_word' id='word_1_293' title='bbox 616 4222 674 4280; x_wconf 85' lang='lat' dir='ltr'><em>Cir.</em></span> <span class='ocrx_word' id='word_1_294' title='bbox 698 4223 851 4282; x_wconf 87' lang='lat' dir='ltr'><em>Praelatio.</em></span> 
     </span>
    </p>
   </div>
   <div class='ocr_carea' id='block_1_13' title="bbox 256 4319 842 4404">
    <p class='ocr_par' dir='ltr' id='par_1_14' title="bbox 256 4319 842 4404">
     <span class='ocr_line' id='line_1_50' title="bbox 256 4319 842 4404; baseline 0.002 -18"><span class='ocrx_word' id='word_1_295' title='bbox 256 4323 280 4396; x_wconf 77' lang='grc'><em>2)</em></span> <span class='ocrx_word' id='word_1_296' title='bbox 304 4319 449 4403; x_wconf 84' lang='grc' dir='ltr'><strong><em>στόμωμα</em></strong></span> <span class='ocrx_word' id='word_1_297' title='bbox 465 4324 596 4382; x_wconf 88' lang='lat' dir='ltr'><em>Sintenis</em></span> <span class='ocrx_word' id='word_1_298' title='bbox 620 4343 723 4399; x_wconf 85' lang='lat' dir='ltr'><em>prou</em></span> <span class='ocrx_word' id='word_1_299' title='bbox 746 4324 842 4404; x_wconf 79' lang='grc' dir='ltr'><strong><em>σῶμα.</em></strong></span> 
     </span>
    </p>
   </div>
   <div class='ocr_carea' id='block_1_14' title="bbox 0 0 1494 4800">
    <p class='ocr_par' dir='ltr' id='par_1_15' title="bbox 0 0 1494 4800">
     <span class='ocr_line' id='line_1_51' title="bbox 0 0 1494 4800; baseline 0 0"><span class='ocrx_word' id='word_1_300' title='bbox 0 0 1494 4800; x_wconf 95' lang='lat' dir='ltr'><em> </em></span> 
     </span>
    </p>
   </div>
  </div>
 </body>
</html>
