2978 4800
200 267 273 312 XXX

156 462 236 541 illo;
276 463 381 529 cuius
423 464 513 548 quid
543 464 656 530 fuerit
683 483 828 541 nomen,
856 464 893 530 in
922 463 1043 530 medio
1071 464 1284 549 relinquam
1306 459 1345 549 ¹).

155 580 322 647 Plurium
364 582 536 662 fontium,
566 584 650 651 licet
693 585 825 651 adesse
865 584 1065 669 potuerint,
1104 583 1248 650 nullum
1285 590 1345 652 est

156 694 357 787 signum2).

263 821 316 886 Ae
343 822 454 889 video
481 823 572 901 fore,
599 827 640 890 ut
669 825 761 889 haec
786 823 883 889 ratio
911 841 993 887 mea
1020 821 1057 886 in
1077 824 1341 907 reprehensio·

155 960 238 1006 nem
280 942 448 1008 incurrat
475 948 511 1008 et
539 962 679 1022 eorum,
719 944 783 1028 qui
821 942 936 1009 Taciti
965 941 1088 1008 studio
1118 945 1277 1023 accensi,
1308 946 1341 1012 si

154 1061 244 1145 quid
287 1062 389 1145 apud
434 1063 674 1129 Plutarchum
704 1063 755 1128 illi
783 1083 858 1129 non
886 1061 1098 1146 respondet,
1125 1065 1344 1130 comment-i-

154 1181 248 1246 cium
279 1200 360 1248 esse
389 1183 564 1261 iudicant,
593 1188 628 1249 et
657 1202 794 1260 eorum,
823 1181 959 1268 quibus
987 1182 1024 1247 in
1052 1181 1242 1249 Plutarchi
1263 1204 1342 1250 ma-

153 1320 223 1366 nus
265 1320 470 1386 numquam
511 1303 659 1368 venisse
702 1321 828 1368 curam
865 1301 979 1367 Taciti
1007 1302 1341 1385 persuasissimum

153 1426 219 1487 est.
264 1421 358 1487 Nam
388 1422 503 1507 vulgo
531 1423 652 1506 placet
679 1442 800 1501 omne,
831 1420 931 1506 quod
951 1422 1003 1487 ita
1022 1421 1248 1488 disiunctum
1271 1429 1343 1504 est,

153 1541 262 1624 quasi
292 1543 514 1608 autetiam
544 1549 608 1608 aut
636 1560 740 1621 n0n;
766 1560 878 1626 quam
911 1541 1035 1607 multis
1068 1541 1188 1606 modis
1222 1543 1341 1628 serip-

154 1664 273 1725 torum
313 1680 428 1745 opera
466 1681 505 1727 re
539 1681 630 1728 vera
666 1661 762 1727 inter
799 1680 839 1727 se
872 1660 1046 1746 colligata
1075 1661 1341 1760 atque‘impli-

152 1786 235 1845 cata
274 1799 355 1847 esse
392 1783 594 1865 potuerint,
634 1801 747 1866 quam
781 1781 908 1846 tenuia
939 1783 974 1846 et
1002 1779 1217 1864 multiplicia
1246 1782 1339 1850 ideo

153 1899 373 1966 deducenda
416 1903 489 1967 sint
531 1900 819 1988 argumentandi
859 1900 936 1979 fila,
981 1919 1114 1984 parum
1142 1907 1336 1986 reputant.

153 2020 209 2085 Eo
249 2019 383 2087 laetius
424 2021 512 2087 mihi
554 1996 688 2099 evenit,
724 2021 826 2105 quod
859 2019 981 2086 habeo
1011 2023 1198 2086 auctorem
1227 2023 1336 2101 satie,

151 2139 295 2223 opinor,
323 2141 507 2219 idoneum,
536 2141 730 2207 Aliredum
759 2140 1066 2208 Gutschmidium.
1111 2139 1183 2216 Qui
1211 2141 1250 2207 in
1272 2143 1336 2209 illa

153 2259 305 2325 aureola
342 2261 585 2339 oratiuncula,
622 2281 735 2346 quam
769 2261 919 2345 saepius
947 2261 1020 2326 iam
1048 2259 1214 2339 laudavi,
1245 2281 1336 2346 quo·

254 2613 276 2689 1)
301 2614 406 2690 Nuper
428 2615 542 2674 Schanz
566 2615 585 2674 l.
609 2616 628 2673 l.
651 2634 679 2691 p.
697 2617 766 2677 246.
784 2614 936 2673 Schwartz
957 2615 1036 2689 apud
1051 2613 1229 2673 Wissowam
1246 2616 1293 2675 ΙΙΙ
1307 2637 1335 2694 p.

153 2719 233 2775 1715
257 2718 417 2793 quiequam
442 2718 479 2776 de
502 2719 620 2777 nomine
643 2718 772 2776 auctoris
793 2717 960 2776 communis
984 2717 1096 2793 liquere
1118 2725 1260 2793 percaute
1282 2737 1332 2778 ne-

149 2827 304 2893 gaverunt.
349 2821 488 2878 Attamen
512 2821 656 2895 quaedam
680 2821 845 2878 certissima
868 2825 954 2877 sunt:
978 2819 1108 2896 primum
1124 2821 1237 2878 iontem
1252 2839 1332 2880 com-

150 2939 270 2979 munem
294 2940 354 2979 non
378 2923 471 2980 luisse
494 2921 634 2981 Cluvium
658 2923 772 2980 Rufum
796 2923 859 2998 (cir.
882 2922 960 2979 inira
982 2922 1019 2980 ad
1042 2919 1074 2980 Ο.
1099 2924 1116 2980 3
1140 2930 1171 2981 et
1195 2923 1282 2982 Fabia
1304 2943 1333 3000 p.

152 3025 211 3081 176
244 3024 280 3081 ad
312 3023 377 3083 Tac.
400 3023 477 3083 Hist.
502 3024 545 3083 ΙΙΙ
570 3025 634 3098 etp
659 3025 766 3083 deiude
787 3025 817 3082 in
842 3023 876 3082 G.
901 3027 949 3095 19,
961 3025 1095 3096 6ῄ-20,6
1119 3026 1230 3083 iontem
1254 3045 1333 3085 com-

151 3143 270 3184 munem
304 3127 398 3185 luisse
430 3127 550 3184 Fabium
586 3127 744 3185 Rusticum
777 3129 839 3202 (cir.
862 3127 938 3184 inira
961 3146 989 3202 p.
1015 3129 1053 3186 16
1076 3134 1106 3185 et
1129 3127 1230 3201 Seeck,
1254 3129 1332 3188 Mus.

149 3227 254 3301 Rhen,
276 3248 301 3286 a.
328 3231 418 3304 1901,
441 3248 469 3304 p.
494 3232 553 3289 231
578 3231 646 3288 adn.
670 3232 708 3305 3).
746 3228 802 3286 Hic
828 3229 911 3287 locus
935 3230 1076 3305 quoniam
1100 3230 1131 3287 in
1154 3248 1268 3289 annum
1291 3234 1333 3291 58

149 3329 262 3403 incidit,
286 3349 325 3389 ex
347 3350 381 3390 eo
405 3350 464 3390 non
488 3333 604 3407 cogitur
626 3332 754 3390 eundem
786 3332 879 3390 luisse
903 3333 1012 3390 iontem
1035 3333 1104 3389 anni
1130 3334 1178 3391 69.
1223 3331 1332 3406 Quam-

149 3450 238 3507 quam
273 3433 330 3491 hoc
351 3452 385 3492 eo
410 3434 585 3492 verisimile
608 3435 649 3506 fit,
673 3434 754 3510 quod
780 3440 848 3510 post
870 3434 901 3490 iu
925 3433 958 3492 G.
983 3435 1059 3494 20.6
1080 3433 1277 3493 consimiliter
1297 3453 1333 3493 ac

148 3534 252 3609 reliqui
276 3535 438 3611 scriptores
460 3538 557 3612 pergit
580 3536 769 3595 Plutarchus

251 3653 274 3727 ²)
298 3654 423 3713 Cluvius
446 3655 544 3715 Rufus
568 3654 600 3714 Ο.
625 3657 643 3714 3
667 3662 697 3715 et
719 3656 817 3714 Iulius
841 3655 994 3714 Secundus
1018 3654 1051 3714 Ο.
1071 3655 1333 3732 61111ιο11816-

149 3757 248 3814 tonius
282 3763 471 3832 comparatus
503 3759 600 3831 docet,
631 3759 688 3816 iam
722 3760 759 3815 ab
781 3764 901 3816 auctore
927 3759 1078 3816 communi
1105 3758 1211 3833 prolati
1237 3765 1334 3817 eraut.

152 3892 186 3899 -
214 3859 312 3916 Fando
336 3859 516 3918 Plutarchus
539 3866 655 3936 praeter
678 3859 710 3918 Ο.
736 3863 880 3925 14,4-11
906 3860 978 3918 nihil
1000 3862 1148 3919 audierat:
1165 3862 1216 3919 cfr.
1232 3859 1334 3937 Groag

83 3981 86 3987 ’
149 3980 177 4037 p.
215 3962 273 4020 760
307 3962 374 4020 adn.
400 3964 427 4019 2.
472 3961 552 4034 Quae
585 3981 663 4035 vero,
697 3981 765 4021 eum
789 3964 819 4020 in
843 3961 937 4021 Gallia.
970 3963 1120 4039 Cisalpina
1142 3964 1199 4021 iter
1221 3964 1333 4022 laceret

148 4063 213 4139 (cir.
237 4062 270 4122 Ο.
296 4064 353 4141 14),
376 4064 441 4140 ipse
465 4065 548 4138 vidit,
570 4066 707 4141 perfacile
730 4066 969 4140 distinguuntur.
