2978 4800
258 220 319 278 154

207 418 328 476 torem
355 429 468 494 quem
496 409 592 475 Hist.
622 409 639 475 I
668 408 720 476 80
747 407 907 473 Tacitus.
941 407 1146 473 Placuerat
1165 406 1339 474 Suetonii
1361 417 1398 474 at

210 529 309 597 orto
337 529 502 594 iusserat
529 528 645 594 Taciti
672 535 800 593 mutue
827 526 1068 611 respondent.
1119 526 1331 594 Classr'orr‘r'
1361 535 1399 594 et

205 652 381 735 septumo
423 649 584 714 decuma
624 647 757 714 cohors
789 646 900 713 iidem
936 650 1039 721 sunt;
1073 646 1165 712 haec
1193 647 1295 712 enim
1323 647 1399 714 fuit

207 788 284 835 una
316 788 362 834 cx
397 768 441 833 iis
476 766 694 834 cohortibus
727 766 883 832 urbanis
895 761 934 850 ¹),
963 784 1060 851 quao
1088 767 1125 831 in
1152 766 1275 833 classe
1303 768 1398 833 mili-

207 893 401 954 taverunt:
433 888 498 953 cfr.
528 887 612 953 Tac.
644 887 739 952 Hist.
769 887 787 953 I
816 885 864 952 87
893 885 1053 952 addidit
1080 886 1198 952 classi
1215 887 1397 954 urbanas

205 1009 386 1075 cohortos.
442 1007 617 1074 Naribus
649 1012 705 1073 ost
737 1006 901 1084 dativus
935 1025 1010 1071 non
1039 1004 1241 1072 ablativus.
1303 1006 1398 1092 Sep·

207 1135 310 1195 tuma
338 1128 495 1194 decuma
521 1127 655 1193 cohors
680 1126 787 1193 Ostia
807 1125 963 1192 Romam
983 1131 1040 1191 cst
1059 1125 1185 1202 accita,
1205 1130 1249 1193 ut
1270 1126 1395 1193 Roma

208 1247 353 1314 Ostiam
387 1266 499 1313 orrnc
527 1246 760 1324 transferret,
789 1246 828 1312 id
855 1250 911 1311 est
937 1250 980 1312 ut
1006 1244 1148 1312 Romae
1177 1253 1397 1314 armaretur

208 1373 428 1451 armataque
457 1366 600 1433 Ostiam
630 1367 677 1433 ad
706 1385 825 1432 navos
851 1357 1150 1449 remitteretufi).

310 1600 332 1677 ¹)
355 1602 415 1661 Cir.
439 1620 467 1677 p.
492 1603 530 1660 73
552 1602 620 1660 adn.
645 1604 672 1661 1.

308 1705 333 1780 ²)
357 1705 524 1777 Cohortem,
548 1722 624 1780 quac
645 1704 676 1762 11
699 1706 738 1763 63
761 1709 1018 1775 commemoratur,
1034 1721 1094 1762 uon
1108 1703 1234 1761 candem
1250 1704 1395 1776 dixerim,

205 1807 259 1866 sed
284 1814 419 1883 quartam
442 1806 607 1872 decumam,
630 1824 719 1882 quam
743 1804 845 1864 Ostiae
867 1804 1023 1863 collocavit
1049 1805 1192 1864 Claudius
1214 1803 1285 1884 (cfr.
1309 1806 1394 1866 Suet.

204 1909 308 1968 Claud.
337 1911 377 1968 25
404 1915 435 1968 et
465 1907 705 1983 Schiller-Voigt,
738 1907 792 1966 Die
823 1906 991 1966 romischeu
1013 1906 1134 1979 Saus„
1168 1907 1295 1983 Kriegs-
1332 1910 1395 1967 und

205 2012 484 2071 Privataltertiimer
503 2048 516 2086 2
538 2029 566 2086 p.
590 2011 672 2085 241).
700 2010 764 2069 Ηοθ
779 2027 871 2086 supra
886 1997 914 2086 p
932 2011 971 2068 73
986 2009 1055 2067 adn.
1074 2010 1089 2067 l
1106 2009 1324 2084 corrigendum
1341 2017 1395 2070 ost.
