2978 4800
1243 241 1268 282 V

236 418 357 496 Quam
387 419 644 504 quaestionem
666 418 848 504 aggressi,
869 436 967 502 quae
987 417 1124 483 totiens
1152 420 1310 484 tractata

130 542 228 605 esset
255 559 377 624 neque
406 559 450 605 eo
478 538 598 624 magis
626 537 673 604 de
701 556 745 603 ea
773 537 990 603 conveniret
1017 537 1113 603 inter
1139 537 1312 603 homines

130 659 176 725 de
209 659 349 726 ¹litteris
388 658 552 744 antiquis
585 657 698 744 longe
734 656 872 741 optime
909 657 1072 735 meritos
1102 661 1244 741 quanta
1272 657 1310 722 in

128 776 356 845 obscuritate
390 798 515 844 rerum
553 796 792 843 versaremur
829 795 1057 861 quamquam
1094 796 1169 843 non
1208 796 1310 842 eram

128 898 288 976 nescius,
317 898 421 964 nullo
449 901 573 963 tamen
601 900 710 982 pacto
739 895 938 982 defetigari
966 900 1140 981 oportere
1169 897 1309 975 censui,

131 1021 345 1102 antequam,
376 1036 451 1102 quo
484 1016 664 1103 progredi
691 1015 750 1082 fas
779 1020 887 1094 esset,
917 1035 1039 1100 usque
1068 1035 1111 1082 eo
1139 1017 1310 1101 perveni-

127 1142 240 1203 retur.
294 1137 499 1203 Enimvero
527 1155 574 1202 ex
602 1136 659 1202 his
688 1139 762 1202 tam
788 1135 991 1220 praeclaris
1011 1135 1179 1220 reliquiis
1199 1135 1310 1202 histo·

127 1257 206 1322 riae
243 1256 408 1332 Latinae,
443 1275 541 1341 quae
577 1274 659 1321 cum
696 1256 817 1340 primo
849 1258 935 1339 post
963 1253 1152 1321 Christum
1180 1259 1308 1321 natum

128 1376 277 1443 saeculo
313 1376 412 1442 laeta
459 1375 697 1454 effloruisset,
739 1378 969 1459 temporum
990 1374 1134 1440 invidia
1174 1375 1309 1440 misere

130 1495 333 1562 dilacerata
363 1500 418 1562 est
446 1499 559 1580 atque
587 1495 785 1579 discerpta,
816 1495 1200 1580 quantulumcumque
1229 1494 1312 1560 erui

127 1619 262 1700 potest,
292 1614 499 1681 eruendum
551 1619 616 1680 est.
673 1614 839 1680 Necdum
889 1615 936 1680 de
981 1614 1181 1679 Plutarcho
1226 1632 1311 1680 curn

128 1734 255 1800 Tacito
282 1735 499 1801 concinente
526 1734 669 1818 liquere
698 1738 734 1799 et
763 1733 921 1818 amplius
948 1733 1206 1817 quaerendum
1227 1752 1315 1799 esse

128 1854 342 1940 gravissimi
370 1854 511 1920 iudices
537 1873 657 1938 nuper
675 1853 1019 1938 pronuntiaverunt
1038 1845 1073 1938 1).
1115 1854 1167 1919 Ac
1185 1852 1314 1934 iacere·

127 1992 207 2039 non
237 1974 355 2057 potui,
385 1973 476 2058 quin
505 1973 699 2058 quaerenti
728 1973 817 2038 mihi
845 1992 889 2039 ea
918 1973 1103 2038 sententia
1131 1972 1309 2056 probare·

128 2098 197 2171 tur,
233 2113 346 2178 quam
373 2094 543 2179 plerique
579 2093 652 2158 iarn
681 2092 825 2178 pridem
855 2091 1048 2177 explosam
1077 2095 1190 2176 atque
1218 2092 1311 2158 eiec-

104 2218 203 2280 tam
223 2232 305 2280 esse
331 2212 572 2278 arbitrantur.
629 2213 749 2289 Quam
778 2211 826 2279 ob
854 2232 931 2278 rem
961 2213 1137 2296 quoniam
1166 2216 1310 2278 contra·

127 2333 182 2398 ria
216 2333 303 2398 huic
338 2333 434 2398 ratio
463 2352 576 2417 saepe
604 2332 724 2398 fusius
753 2331 937 2417 explicata
966 2336 1030 2410 est,
1057 2331 1150 2397 haec
1185 2335 1309 2398 autem

127 2471 240 2518 causa
277 2450 444 2537 plehiore
482 2452 807 2539 argumentatione
848 2452 916 2517 hos
953 2451 1150 2517 duodecim
1189 2468 1307 2517 annos

127 2573 256 2650 caruit,
286 2575 471 2657 quotquot
512 2572 611 2657 apud
639 2571 879 2636 Plutarchum
907 2571 1008 2637 locos
1038 2571 1164 2637 Tacito
1192 2570 1308 2636 conci-

127 2697 257 2758 nentes
286 2691 465 2775 reperias,
487 2710 616 2757 omnes
635 2709 853 2774 comparare
874 2695 909 2756 et
927 2693 1131 2755 retractare
1150 2689 1305 2755 institui.

43 2795 47 2801 ’
229 2810 328 2888 Quid
366 2811 482 2897 igitur
518 2811 588 2876 hac
623 2810 669 2876 de
706 2828 745 2875 re
774 2809 854 2894 ipse
883 2809 1053 2888 sentiam,
1083 2808 1308 2894 complectar

126 2931 244 3009 brevi,
275 2931 458 2998 disseram
494 2930 677 3014 pluribus.
733 2929 955 2995 Plutarchus
993 2936 1028 2995 et
1065 2928 1230 2995 Tacitum
1272 2933 1308 2994 et

126 3069 357 3116 communem
387 3054 574 3116 auctorem
604 3049 786 3128 adhibuit,
817 3053 853 3115 et
881 3049 1032 3134 quidem
1055 3049 1092 3114 in
1114 3049 1157 3116 G.
1182 3048 1303 3114 1-21

126 3169 179 3255 (id
209 3174 265 3236 est
293 3189 413 3255 usque
444 3169 489 3236 ad
518 3168 700 3234 kalendas
735 3168 932 3234 Ianuarias
956 3169 1042 3234 anni
1063 3168 1124 3249 69)
1145 3169 1307 3234 maxime

125 3309 368 3369 communem,
390 3291 428 3356 in
449 3289 492 3357 G.
514 3287 661 3355 22-0.
686 3288 731 3355 18
752 3277 986 3372 potissimum
1006 3287 1184 3354 Tacitum.
1230 3286 1305 3354 Sed

123 3409 220 3477 sicut
255 3411 294 3476 in
332 3409 375 3478 G.
417 3409 538 3476 1-21
575 3408 761 3493 quaedam
813 3427 860 3473 ex
910 3407 1086 3474 Historiis
1128 3406 1306 3473 videntur

125 3529 331 3614 irrepsisse,
359 3531 410 3596 ita
438 3530 477 3595 in
506 3528 549 3595 G.
580 3527 727 3595 22-O.
761 3527 807 3593 18
837 3546 913 3593 non
941 3527 1043 3593 nulla
1073 3546 1092 3592 e
1120 3527 1305 3592 communi

124 3648 226 3715 fonte
255 3649 395 3716 inserta
423 3654 521 3716 sunt.

227 3934 250 4013 ¹)
273 3936 331 3996 Glr.
355 3935 468 3995 Gaston
492 3936 663 4005 Boissier‚
680 3934 802 3993 Journal
819 3934 871 3992 des
888 3939 1018 4010 savants,
1033 3952 1059 3992 a.
1078 3935 1167 4006 1895,
1183 3951 1211 4008 p.
1226 3932 1303 4005 4133

124 4039 211 4098 Peter
233 4037 268 4097 G.
292 4039 324 4096 L.
347 4039 376 4097 ll
398 4058 426 4115 p.
443 4040 513 4097 274.
549 4036 733 4113 Quamquam
751 4037 830 4109 Leo,
852 4035 980 4109 Tacitus,
996 4034 1155 4110 Gottingae
1170 4052 1195 4092 a.
1214 4034 1305 4103 1896,

122 4140 279 4215 Norden,
295 4141 349 4199 Die
371 4142 470 4199 antike
493 4140 691 4216 Kunstprosa,
725 4139 844 4214 Lipsiae
866 4157 891 4196 a.
918 4139 1008 4210 1898,
1031 4137 1078 4195 alii
1095 4137 1209 4194 alonte
1225 4153 1305 4193 eom-

124 4244 207 4302 muni
230 4249 263 4302 ut
285 4263 302 4301 a
324 4245 489 4303 certissimo
511 4243 596 4301 initio
620 4242 860 4318 proficiscuntur.
