2978 4800
199 287 260 344 138

155 477 237 554 tori,
280 477 385 542 cuius
429 483 552 543 tamen
589 476 758 542 ordinem
787 476 1149 562 dispositionemque
1178 480 1338 545 mutavit

154 596 377 663 Plutarchus
393 589 430 679 ¹).

258 715 396 782 8—10.
452 714 603 780 Tacitus
647 734 729 780 cum
775 714 902 780 verbis
942 719 1057 801 utque
1096 716 1337 784 adfirmatur

156 835 407 902 testimonium
436 833 747 900 cubiculariorum
778 855 798 900 a
826 834 1027 901 Plutarcho
1051 836 1208 902 allatum
1230 837 1335 923 signi-

152 947 275 1039 ticetff)
295 973 454 1038 cumque
472 954 583 1020 huius
601 955 748 1041 βαθέως
766 945 889 1022 αὐτοῦ
907 946 1163 1038 καθεύδοντος
1182 956 1332 1022 similius

153 1073 202 1139 sit
236 1073 468 1140 Suetoniano
508 1074 704 1139 artissimo
739 1093 871 1140 somno
907 1093 1019 1157 quam
1048 1073 1149 1140 illius
1178 1095 1260 1141 non
1285 1077 1331 1142 in·

151 1213 330 1270 nemnem,
368 1193 509 1259 fontem
546 1211 778 1259 communem
815 1191 862 1258 ab
890 1193 947 1258 his
975 1192 1096 1259 tribus
1126 1194 1327 1262 adhibitum

153 1332 235 1379 esse
264 1312 437 1379 efficitur.

255 1599 277 1674 ¹)
311 1600 369 1658 Clr.
404 1599 490 1657 Pabia
524 1617 552 1674 p.
585 1601 634 1657 84.
674 1634 705 1642 --
740 1597 819 1670 Quin
857 1598 913 1655 Dio
947 1599 1047 1674 ipsum
1081 1598 1222 1658 Tacitum
1254 1601 1323 1659 adhi-

152 1702 257 1764 buerit.
280 1702 376 1760 omnis
399 1702 435 1760 iis
460 1702 557 1759 verbis
581 1701 696 1758 tollitur
716 1701 871 1771 dubitatio,
894 1718 970 1776 quae
993 1719 1021 1776 p.
1044 1703 1102 1760 131
1121 1703 1191 1761 adn.
1210 1707 1225 1761 1
1244 1711 1324 1762 trans-

152 1805 266 1879 scripsi.
311 1803 387 1861 Nam
419 1821 487 1861 cum
523 1803 701 1877 comparatis
736 1801 895 1860 Plutarcho
925 1808 956 1860 et
986 1802 1130 1861 Suetonio
1153 1823 1222 1863 enm
1247 1806 1323 1863 tontis

151 1907 319 1966 communis
351 1905 451 1963 locum
475 1924 491 1962 a
515 1904 617 1962 Tacito
646 1922 824 1979 expressum
852 1922 919 1963 esse
941 1905 1141 1980 intellegatur,
1165 1926 1227 1984 quo
1249 1926 1323 1990 pecu-

151 2010 217 2067 nias
250 2010 286 2066 ab
321 2006 437 2066 Othone
457 2007 571 2065 libertis
606 2007 762 2081 servisque
790 2007 862 2082 (τοῖς
883 2004 1016 2080 οἰκέταις,
1037 2007 1215 2085 donresticis)
1237 2011 1324 2068 distri-

152 2112 239 2170 hntas
273 2128 340 2168 esse
368 2118 546 2182 narraretur,
569 2109 599 2166 in
623 2109 761 2167 Historiis
785 2115 883 2167 tamen
906 2116 1028 2185 propter
1050 2114 1266 2170 sententiarum
1288 2131 1324 2170 se·

153 2215 224 2271 riem
255 2212 341 2271 facile
363 2213 467 2270 credas
491 2210 637 2270 Othonem
661 2212 841 2269 abeuntibus
863 2213 967 2270 amicis
990 2230 1128 2271 nummos
1151 2215 1325 2273 dividentem

152 2315 262 2373 induci.
308 2314 356 2372 Sic
386 2315 581 2373 recentiorum
607 2332 726 2390 quoqne
749 2332 808 2372 non
831 2314 921 2372 nullis
945 2314 1043 2372 visum
1066 2322 1128 2388 est3
1157 2319 1212 2374 cfr.
1234 2317 1327 2391 Hardy

150 2417 186 2474 ad
221 2415 339 2495 die'veps:
374 2415 520 2493 »Tacitus
553 2418 592 2491 by
623 2417 673 2475 the
696 2417 870 2475 connection
893 2417 923 2474 in
947 2417 1047 2475 which
1068 2417 1107 2476 he
1131 2420 1282 2478 mentions
1302 2420 1328 2489 it,

151 2537 249 2578 seems
283 2527 314 2576 to
348 2519 442 2595 imply
478 2521 543 2577 that
578 2519 627 2577 the
662 2537 770 2592 money
792 2537 856 2576 was
879 2519 967 2593 given
991 2526 1021 2576 to
1045 2519 1095 2578 the
1119 2529 1258 2581 senators
1279 2522 1329 2580 and

151 2623 236 2680 other
257 2622 369 2679 friends
393 2640 430 2679 on
456 2623 535 2679 their
556 2622 722 2697 departure.
767 2621 939 2695 Suetonius,
960 2622 1109 2691 however,
1132 2642 1240 2697 agrees
1264 2625 1330 2683 with

150 2724 315 2782 Plutarch».
348 2724 380 2782 L.
397 2724 481 2792 Paul,
498 2724 602 2782 Kaisar
617 2724 734 2782 Marcus
752 2723 870 2782 Salvius
887 2724 973 2794 Otho,
989 2723 1065 2782 Mus.
1081 2725 1188 2799 Rhen,
1203 2747 1229 2785 a.
1249 2729 1331 2800 1902,

150 2846 179 2902 p.
213 2828 287 2886 131:
324 2824 441 2904 notho]
477 2827 630 2885 vertheilte
666 2832 753 2884 unter
786 2827 867 2884 scine
902 2827 1035 2884 Freunde
1069 2825 1170 2901 Geld»,
1204 2830 1278 2888 item
1307 2849 1330 2906 p.

153 2930 212 2988 132
237 2946 281 3004 sq.
326 2928 465 3004 Sequitur
499 2929 592 3004 igitur
614 2929 711 3003 ipsius
735 2928 827 2986 Taciti
852 2929 941 2986 verba
964 2947 1023 2986 non
1046 2936 1125 2988 recte
1148 2931 1331 2991 intellexisse

150 3030 281 3103 Dionem,
304 3032 390 3089 cuins
414 3030 511 3093 καλῶν
533 3050 549 3089 e
572 3031 699 3106 dignitus
717 3030 783 3089 Tac.
807 3031 835 3088 ll
858 3033 898 3090 48
922 3036 1023 3088 natum
1040 3037 1095 3089 est.
1132 3031 1242 3108 Nemo,
1257 3035 1330 3111 qnod

150 3134 249 3205 sciam,
282 3133 339 3191 hoc
372 3134 515 3209 attendit;
550 3134 628 3208 fugit
661 3139 740 3192 certe
774 3133 944 3206 Sickelium,
966 3133 1009 3191 De
1033 3134 1168 3193 lontibus
1191 3155 1208 3194 a
1233 3137 1330 3196 Oassic

151 3234 243 3293 llionc
265 3235 405 3294 adhibitis
429 3255 457 3311 p.
482 3238 519 3294 21
546 3254 590 3312 sq.
636 3236 694 3295 Cir.
712 3236 867 3294 Praefatio.

252 3354 276 3426 ²)
310 3355 368 3413 Oli.
403 3355 535 3414 Suetonii
569 3356 683 3431 foribus
709 3356 858 3431 cdoyrerlis,
881 3374 1061 3432 quamquam
1085 3356 1235 3433 adapertis
1258 3359 1329 3417 haud

150 3458 210 3515 acio
233 3476 269 3515 an
295 3459 388 3533 magis
421 3467 658 3517 consentaneum
686 3460 784 3516 luerit.
828 3457 892 3516 Nec
913 3458 1001 3516 Fabia
1023 3477 1083 3516 non
1106 3459 1181 3518 dicit
1203 3480 1235 3537 p.
1262 3464 1328 3520 143:

148 3560 293 3619 »Suetone
315 3561 415 3636 ajonte
438 3580 496 3636 qne
514 3562 542 3618 la
565 3567 649 3637 porte
672 3562 709 3619 de
733 3562 759 3618 la
782 3562 919 3619 chambre
942 3567 1020 3620 resta
1042 3568 1181 3637 onverte3
1218 3564 1329 3623 Plutar-

149 3680 208 3737 qne
241 3662 284 3721 dit
318 3682 375 3739 qne
409 3664 453 3721 les
486 3663 582 3723 valets
607 3665 644 3722 de
666 3664 804 3722 chambre
827 3664 1031 3739 s’apercnrent
1053 3682 1112 3740 que
1136 3664 1204 3724 leur
1230 3672 1329 3726 maitre

148 3764 276 3822 donnait
307 3766 552 3841 profontlenient3
583 3767 626 3824 les
655 3768 735 3824 deux
757 3767 864 3824 details
891 3773 962 3825 vont
985 3767 1197 3842 parlaitement
1220 3788 1352 3830 ensem.

149 3867 216 3925 ble».
260 3867 337 3925 Male
370 3867 468 3942 Oroag
491 3888 519 3943 p.
545 3871 605 3928 769
628 3869 695 3926 adn.
722 3871 736 3926 1
761 3869 818 3926 hoc
841 3868 982 3927 Suetonio
1005 3870 1082 3944 patri
1105 3872 1261 3946 assignat;
1285 3874 1327 3932 clr.

149 3987 176 4044 p.
202 3971 261 4027 129
285 3970 351 4027 adn.
377 3973 489 4028 3extr.
513 4005 552 4013 —
577 3970 688 4043 Quodsi
723 3972 883 4046 quicquam
917 3972 1029 4029 iontem
1063 3990 1259 4034 communem
1285 3994 1327 4033 ex·

148 4089 285 4146 pressum
309 4073 432 4145 indicat,
455 4080 535 4130 certe
558 4074 587 4131 id
611 4073 680 4130 lacit
703 4079 788 4148 utque
810 4073 986 4148 adfirmatur
1007 4093 1075 4132 cum
1093 4069 1170 4137 ὥστε
1185 4071 1257 4149 τοὺς
1271 4100 1325 4140 κατ-

148 4168 291 4244 ευναστὰς
323 4169 527 4238 αἰσθάνεσθαι.
556 4182 765 4250 comparatum.
804 4175 901 4250 Groag
923 4182 1021 4234 tamen
1043 4195 1071 4252 p.
1098 4180 1158 4237 761
1184 4180 1322 4239 diversam

147 4275 255 4334 horum
278 4283 365 4352 putat
388 4278 540 4352 originem.
