2978 4800
200 231 240 289 80

153 442 221 488 our
249 441 324 488 non
354 420 402 488 ab
431 421 513 506 ipso
540 419 668 486 fiotum
696 440 777 487 osso
805 422 971 489 fateare?
1014 424 1140 492 Etiam
1169 426 1322 497 πλεῖστον

162 539 1320 631 -φωννὸῖεωωΜφΤπώεαωεωοωωωλ

259 694 498 763 ΒΟοᾶ

201 970 281 1026 1-2
312 960 385 1029 Ἐπεὶ
409 961 438 1027 δὲ
456 958 512 1032 τὰς
523 957 639 1032 Ἄλπεις
653 986 721 1024 κατ·
816 963 830 1021 Ι
853 966 893 1023 8ι·
918 964 1032 1039 quando
1056 966 1205 1027 Poeninae
1221 968 1324 1028 Cottiae·

152 1072 266 1151 ε’χοντες
300 1062 350 1149 ἤδη
385 1065 628 1148 προσηγγέλλοντο
665 1069 720 1126 Κε·
773 1084 825 1141 qne
848 1067 934 1142 Alpes
952 1073 978 1124 et
992 1068 1075 1125 aeteri
1094 1069 1261 1130 Gallione-ne
1274 1072 1325 1130 aii·

154 1173 235 1241 κίνας
258 1165 305 1232 καὶ
328 1163 446 1248 Οὐάλης
464 1163 619 1245 Οὐϊτελλίῳ
635 1189 721 1248 οτρα·
773 1173 820 1227 tus
850 1169 1009 1228 Vitellianis
1030 1171 1203 1231 nueitibus
1228 1173 1326 1232 alaude

151 1273 313 1354 τηροῦντες,
772 1271 885 1331 horitur.
912 1271 926 1330 I
949 1274 989 1332 89
1012 1279 1038 1332 et
1063 1273 1192 1334 Coeoina
1213 1277 1273 1335 ιἀνι
1287 1277 1327 1336 Al-

767 1392 820 1448 pes
843 1380 1039 1450 transaressus
1061 1378 1275 1439 instimulabat.

198 1514 280 1572 3-6
305 1511 333 1573 ir
352 1505 444 1590 Ῥώμῃ
467 1508 659 1590 Δολοβέλλας,
678 1501 719 1568 εὖ·
814 1511 829 1570 Ι
853 1514 892 1571 88
932 1511 1082 1588 Sepositus
1111 1533 1168 1589 per
1201 1535 1249 1576 eos
1279 1517 1328 1576 ties

152 1613 291 1694 πατρίδης
328 1607 408 1693 irio,
440 1605 571 1691 ὑποψίαν
602 1617 719 1692 παρεῖχε
775 1613 924 1672 Corrnlius
956 1614 1102 1673 Dolabella
1130 1616 1168 1676 iu
1196 1619 1324 1678 coloniam

151 1723 213 1784 τοῖς
234 1708 427 1793 μισθοφόροις
449 1707 574 1793 νεώτερα
597 1719 718 1793 φρονεῖν.
771 1716 956 1791 Aquinatem,
990 1735 1079 1792 aeque
1112 1725 1180 1778 arta
1212 1721 1325 1780 eustolia

155 1816 276 1878 Ἐκεῖνον
307 1813 358 1896 μὲν
391 1807 441 1878 οὖν·
475 1811 530 1877 εἴτε
552 1809 641 1877 αὐτὸν
663 1809 718 1875 εἴτε
770 1835 858 1893 neque
881 1817 1007 1896 obseura,
1032 1820 1149 1879 nullenn
1168 1823 1205 1880 ob
1220 1824 1325 1893 οιίοιιο,

152 1913 242 1980 ἄλλον
269 1914 403 1988 δεδοικὼς
425 1917 464 1989 είς
484 1910 565 1980 πόλιν
589 1909 718 1978 Ἀκύνιον
770 1919 820 1977 secl
840 1925 947 1979 retento
975 1921 1095 1980 nornine
1117 1929 1143 1982 et
1163 1925 1326 2002 propinqui·

150 2019 325 2101 παρέπεμψε
347 2015 588 2103 παραθαρρύνας.
770 2027 824 2080 lale
851 2022 955 2125 (follae
977 2029 1167 2085 monstratus.

196 2158 278 2216 6-9
315 2157 497 2237 Καταλίμων
532 2153 561 2218 δὲ
593 2155 653 2218 τῶν
689 2155 718 2218 ἐν
811 2128 919 2217 Mittas
951 2178 965 2218 ε
997 2161 1231 2235 nzapistratibus,
1275 2183 1326 2223 rna·

149 2257 225 2319 τίλει
247 2253 436 2338 συνεκδήμους
450 2257 548 2333 ἔταξεν
562 2258 591 2320 ἐν
605 2252 718 2327 τοίτοις
767 2280 857 2336 pnanr
887 2259 1085 2321 consularium
1116 2272 1235 2340 portem
1267 2267 1328 2327 Ono

150 2354 200 2422 nul
222 2355 347 2423 Λεύκιον
367 2355 418 2423 τὸν
442 2356 607 2423 Οὐιτελλίου
637 2355 717 2423 olisi-
768 2382 828 2423 nou
844 2364 1001 2440 participes
1023 2371 1074 2423 aut
1088 2367 1248 2429 ministros
1261 2369 1327 2444 bellu

151 2455 216 2540 φόν,
236 2457 302 2525 οὔτε
315 2457 455 2545 προσθείς
470 2459 551 2524 οὐδὲν
565 2457 631 2525 οὕτε
647 2457 717 2542 οίφε-
768 2468 817 2526 seol
850 2469 989 2526 eonriturn
1020 2469 1111 2544 spone
1136 2489 1238 2531 seeum
1260 2492 1328 2550 αιμε-

149 2557 209 2625 λῶν
230 2555 263 2645 ἧς
285 2563 341 2645 εἶχε
362 2563 452 2645 τιμῆς.
768 2569 827 2627 diri
847 2570 932 2642 iubet,
956 2571 989 2628 in
1011 2571 1078 2647 quis
1099 2577 1125 2630 et
1140 2573 1273 2634 Lueinm
1289 2575 1328 2633 Vi·

770 2671 890 2743 totunm,
923 2673 1017 2731 eodem
1042 2692 1099 2749 oreo
1121 2681 1231 2736 eeteros
1252 2678 1329 2749 οιιίλιι,

767 2792 817 2832 nee
838 2780 871 2832 ut
892 2775 1075 2850 imperatoris
1096 2776 1224 2850 fratrent
1242 2785 1330 2839 neeiit

767 2876 864 2935 itastis.

194 3011 296 3068 9--11
324 3008 456 3092 Ἰσχορῶς
478 3006 507 3072 δὲ
530 3004 579 3072 καὶ
600 3009 651 3091 τῆς
665 3035 715 3091 μη·
809 3013 824 3072 Ι
849 3016 887 3073 75
917 3013 1046 3073 Vitellius
1064 3015 1176 3076 litteras
1191 3018 1231 3077 tul
1248 3018 1330 3079 Pilio·

147 3104 217 3187 τρὸς
239 3104 398 3191 ἐπεμελήθη
413 3110 465 3174 τοῦ
483 3106 650 3175 Οὐϊτελλίου
666 3107 714 3173 καὶ
766 3134 840 3172 num
865 3116 986 3190 fratrent
1015 3116 1139 3176 Otlionis
1159 3121 1329 3197 oornposuit,

148 3209 200 3292 τῆς
221 3205 363 3291 γυναικός,
380 3207 459 3283 ὅποις
474 3211 560 3293 μηδὲν
574 3208 714 3295 φοβήσον-
766 3218 886 3277 initiunt
920 3219 980 3295 ipsi
1010 3220 1129 3296 filioque
1155 3223 1224 3282 eius
1246 3225 1330 3284 inini-

148 3338 196 3375 ται
219 3308 282 3394 περὶ
306 3309 411 3376 αὐτῶν.
767 3326 841 3397 tans,
872 3322 906 3379 ni
927 3322 1085 3382 ineolumes
1106 3324 1166 3383 sibi
1189 3333 1284 3386 rnater
1302 3346 1331 3386 οι

767 3424 849 3482 liberi
880 3431 1068 3485 seruarentur.
1113 3427 1154 3486 Iit
1183 3430 1262 3488 stetit
1286 3429 1330 3489 elo

766 3543 834 3583 inus
866 3531 995 3601 utraque,
1025 3527 1079 3585 sub
1107 3527 1220 3590 Ollione
1242 3532 1328 3592 inaer-

766 3634 829 3686 tnnr
851 3647 891 3686 nn
906 3634 1001 3686 metu:
1028 3627 1159 3689 Vitellius
1177 3633 1268 3692 oietor
1281 3634 1328 3693 ele·

765 3732 888 3790 inentiae
907 3732 1032 3807 ploriane
1054 3733 1130 3792 tulit.
1152 3734 1216 3795 cfr.
1239 3736 1326 3796 1147

765 3835 890 3893 linietur
918 3835 1047 3893 Vitellius
1072 3836 1174 3910 fratre,
1199 3839 1325 3915 ooniupe,

765 3936 867 3995 liberis.

252 4252 274 4330 ¹)
298 4255 407 4314 Contra
430 4275 518 4333 quarn
543 4257 706 4318 Mommsen
730 4277 758 4335 p.
775 4261 845 4332 309,
860 4261 909 4318 oui
928 4261 1061 4338 plerique
1076 4274 1284 4325 assenserunt.
