<?xml version="1.0" encoding="UTF-8"?>
<!DOCTYPE html PUBLIC "-//W3C//DTD XHTML 1.0 Transitional//EN"
    "http://www.w3.org/TR/xhtml1/DTD/xhtml1-transitional.dtd">
<html xmlns="http://www.w3.org/1999/xhtml" xml:lang="en" lang="en">
 <head>
  <title>
</title>
<meta http-equiv="Content-Type" content="text/html;charset=utf-8" />
  <meta name='ocr-system' content='tesseract 3.04.00' />
  <meta name='ocr-capabilities' content='ocr_page ocr_carea ocr_par ocr_line ocrx_word'/>
</head>
<body>
  <div class='ocr_page' id='page_1' title='image "./deplutarchoetta00boregoog_0124.png"; bbox 0 0 2978 4800; ppageno 0'>
   <div class='ocr_carea' id='block_1_1' title="bbox 1168 256 1207 313">
    <p class='ocr_par' dir='ltr' id='par_1_1' title="bbox 1168 256 1207 313">
     <span class='ocr_line' id='line_1_1' title="bbox 1168 256 1207 313; baseline 0 0"><span class='ocrx_word' id='word_1_1' title='bbox 1168 256 1207 313; x_wconf 81' lang='lat'>79</span> 
     </span>
    </p>
   </div>
   <div class='ocr_carea' id='block_1_2' title="bbox 61 433 1254 1826">
    <p class='ocr_par' dir='ltr' id='par_1_2' title="bbox 61 433 1254 1723">
     <span class='ocr_line' id='line_1_2' title="bbox 63 433 1254 534; baseline 0.001 -24"><span class='ocrx_word' id='word_1_2' title='bbox 63 468 146 526; x_wconf 78' lang='lat' dir='ltr'>rou,</span> <span class='ocrx_word' id='word_1_3' title='bbox 169 443 300 528; x_wconf 76' lang='lat' dir='ltr'>primo</span> <span class='ocrx_word' id='word_1_4' title='bbox 333 443 506 523; x_wconf 77' lang='lat' dir='ltr'>mollius;</span> <span class='ocrx_word' id='word_1_5' title='bbox 542 446 578 511; x_wconf 78' lang='grc' dir='ltr'>ἐκ</span> <span class='ocrx_word' id='word_1_6' title='bbox 612 442 650 511; x_wconf 80' lang='grc' dir='ltr'>δὲ</span> <span class='ocrx_word' id='word_1_7' title='bbox 678 433 815 510; x_wconf 68' lang='grc' dir='ltr'><em>τούτου</em></span> <span class='ocrx_word' id='word_1_8' title='bbox 844 435 1140 534; x_wconf 61' lang='grc' dir='ltr'><em>διερεθιζόμενοι,</em></span> <span class='ocrx_word' id='word_1_9' title='bbox 1169 465 1254 511; x_wconf 74' lang='lat' dir='ltr'>neoc</span> 
     </span>
     <span class='ocr_line' id='line_1_3' title="bbox 63 553 1253 652; baseline 0.002 -24"><span class='ocrx_word' id='word_1_10' title='bbox 63 563 183 648; x_wconf 78' lang='lat' dir='ltr'>quasi</span> <span class='ocrx_word' id='word_1_11' title='bbox 223 563 407 643; x_wconf 59' lang='lat' dir='ltr'>rixantem</span> <span class='ocrx_word' id='word_1_12' title='bbox 451 553 497 632; x_wconf 80' lang='grc' dir='ltr'>οὐ</span> <span class='ocrx_word' id='word_1_13' title='bbox 536 558 680 652; x_wconf 75' lang='grc' dir='ltr'><em>ψευδῶς</em></span> <span class='ocrx_word' id='word_1_14' title='bbox 711 565 792 652; x_wconf 79' lang='grc' dir='ltr'><em>μέν,</em></span> <span class='ocrx_word' id='word_1_15' title='bbox 820 565 949 629; x_wconf 78' lang='lat' dir='ltr'><em>neuter</em></span> <span class='ocrx_word' id='word_1_16' title='bbox 978 555 1135 648; x_wconf 78' lang='lat' dir='ltr'>funo1);</span> <span class='ocrx_word' id='word_1_17' title='bbox 1166 555 1253 631; x_wconf 81' lang='grc' dir='ltr'><em>ἀνο-</em></span> 
     </span>
     <span class='ocr_line' id='line_1_4' title="bbox 63 674 1253 776; baseline 0.001 -28"><span class='ocrx_word' id='word_1_18' title='bbox 63 674 162 776; x_wconf 76' lang='grc' dir='ltr'>ἡῑως</span> <span class='ocrx_word' id='word_1_19' title='bbox 189 681 228 750; x_wconf 80' lang='grc' dir='ltr'>δὲ</span> <span class='ocrx_word' id='word_1_20' title='bbox 256 680 316 748; x_wconf 87' lang='grc' dir='ltr'>καὶ</span> <span class='ocrx_word' id='word_1_21' title='bbox 343 681 619 771; x_wconf 77' lang='grc' dir='ltr'><em>γελοίως,οδοοίία</em></span> <span class='ocrx_word' id='word_1_22' title='bbox 639 685 673 748; x_wconf 82' lang='lat' dir='ltr'>u</span> <span class='ocrx_word' id='word_1_23' title='bbox 692 682 889 763; x_wconf 74' lang='lat' dir='ltr'>indecoru3</span> <span class='ocrx_word' id='word_1_24' title='bbox 911 685 1078 774; x_wconf 67' lang='grc' dir='ltr'><em>θατέρου</em></span> <span class='ocrx_word' id='word_1_25' title='bbox 1098 677 1163 751; x_wconf 77' lang='grc' dir='ltr'>τὸν</span> <span class='ocrx_word' id='word_1_26' title='bbox 1182 681 1253 750; x_wconf 76' lang='grc' dir='ltr'><em>ἕνε-</em></span> 
     </span>
     <span class='ocr_line' id='line_1_5' title="bbox 63 793 1253 897; baseline 0 -30"><span class='ocrx_word' id='word_1_27' title='bbox 63 824 153 895; x_wconf 69' lang='lat' dir='ltr'>nov.</span> <span class='ocrx_word' id='word_1_28' title='bbox 169 852 175 867; x_wconf 94' lang='lat'><strong>.</strong></span> <span class='ocrx_word' id='word_1_29' title='bbox 191 853 197 867; x_wconf 95' lang='lat'><strong>.</strong></span> <span class='ocrx_word' id='word_1_30' title='bbox 213 793 335 897; x_wconf 75' lang='grc' dir='ltr'><em>ὀνείδη</em></span> <span class='ocrx_word' id='word_1_31' title='bbox 352 797 629 892; x_wconf 74' lang='grc' dir='ltr'><em>λοιδοροῦντος,</em></span> <span class='ocrx_word' id='word_1_32' title='bbox 648 800 805 887; x_wconf 62' lang='lat' dir='ltr'>floritio</span> <span class='ocrx_word' id='word_1_33' title='bbox 821 802 862 868; x_wconf 84' lang='lat' dir='ltr'>in</span> <span class='ocrx_word' id='word_1_34' title='bbox 878 802 996 868; x_wconf 76' lang='lat' dir='ltr'>uicena</span> <span class='ocrx_word' id='word_1_35' title='bbox 1011 802 1253 869; x_wconf 79' lang='lat' dir='ltr'>obiectavere.</span> 
     </span>
     <span class='ocr_line' id='line_1_6' title="bbox 63 910 1251 1016; baseline 0 -29"><span class='ocrx_word' id='word_1_36' title='bbox 63 921 220 988; x_wconf 87' lang='lat' dir='ltr'>Initium</span> <span class='ocrx_word' id='word_1_37' title='bbox 245 940 396 1006; x_wconf 88' lang='lat' dir='ltr'>quoque</span> <span class='ocrx_word' id='word_1_38' title='bbox 415 920 604 987; x_wconf 81' lang='lat' dir='ltr'>Plutarchi</span> <span class='ocrx_word' id='word_1_39' title='bbox 624 912 685 1016; x_wconf 78' lang='grc' dir='ltr'>ὑφ’</span> <span class='ocrx_word' id='word_1_40' title='bbox 709 910 758 990; x_wconf 75' lang='grc' dir='ltr'>ὠν</span> <span class='ocrx_word' id='word_1_41' title='bbox 777 912 1018 1011; x_wconf 71' lang='grc' dir='ltr'><em>ἐπαιρόμενος</em></span> <span class='ocrx_word' id='word_1_42' title='bbox 1037 921 1251 1006; x_wconf 89' lang='lat' dir='ltr'>propinqua</span> 
     </span>
     <span class='ocr_line' id='line_1_7' title="bbox 63 1020 1252 1128; baseline 0 -22"><span class='ocrx_word' id='word_1_43' title='bbox 63 1041 292 1128; x_wconf 79' lang='lat' dir='ltr'>cognatione</span> <span class='ocrx_word' id='word_1_44' title='bbox 319 1020 554 1107; x_wconf 90' lang='lat' dir='ltr'>coniunctum</span> <span class='ocrx_word' id='word_1_45' title='bbox 584 1045 640 1106; x_wconf 88' lang='lat' dir='ltr'>est</span> <span class='ocrx_word' id='word_1_46' title='bbox 667 1060 748 1106; x_wconf 95' lang='lat' dir='ltr'>cum</span> <span class='ocrx_word' id='word_1_47' title='bbox 778 1040 817 1106; x_wconf 88' lang='lat' dir='ltr'>T.</span> <span class='ocrx_word' id='word_1_48' title='bbox 847 1041 864 1106; x_wconf 95' lang='grc' dir='ltr'>Ι</span> <span class='ocrx_word' id='word_1_49' title='bbox 893 1041 943 1107; x_wconf 84' lang='grc'>76</span> <span class='ocrx_word' id='word_1_50' title='bbox 970 1041 1049 1107; x_wconf 90' lang='lat' dir='ltr'>init.</span> <span class='ocrx_word' id='word_1_51' title='bbox 1092 1041 1252 1126; x_wconf 84' lang='lat' dir='ltr'><strong>Propter</strong></span> 
     </span>
     <span class='ocr_line' id='line_1_8' title="bbox 63 1159 1252 1227; baseline 0 -1"><span class='ocrx_word' id='word_1_52' title='bbox 63 1161 165 1226; x_wconf 90' lang='lat' dir='ltr'>hanc</span> <span class='ocrx_word' id='word_1_53' title='bbox 193 1165 334 1227; x_wconf 85' lang='lat' dir='ltr'><strong>tantam</strong></span> <span class='ocrx_word' id='word_1_54' title='bbox 363 1159 642 1227; x_wconf 86' lang='lat' dir='ltr'>similitudinem</span> <span class='ocrx_word' id='word_1_55' title='bbox 670 1179 821 1226; x_wconf 89' lang='lat' dir='ltr'>necesse</span> <span class='ocrx_word' id='word_1_56' title='bbox 842 1164 898 1226; x_wconf 89' lang='lat' dir='ltr'>est</span> <span class='ocrx_word' id='word_1_57' title='bbox 916 1160 1156 1226; x_wconf 75' lang='lat' dir='ltr'>Plutarchum</span> <span class='ocrx_word' id='word_1_58' title='bbox 1176 1179 1252 1226; x_wconf 92' lang='lat' dir='ltr'>om·</span> 
     </span>
     <span class='ocr_line' id='line_1_9' title="bbox 64 1271 1253 1365; baseline 0 -19"><span class='ocrx_word' id='word_1_59' title='bbox 64 1281 129 1346; x_wconf 93' lang='lat' dir='ltr'>nia</span> <span class='ocrx_word' id='word_1_60' title='bbox 161 1299 181 1346; x_wconf 87' lang='lat' dir='ltr'>a</span> <span class='ocrx_word' id='word_1_61' title='bbox 210 1280 336 1346; x_wconf 87' lang='lat' dir='ltr'>Tacito</span> <span class='ocrx_word' id='word_1_62' title='bbox 379 1281 557 1365; x_wconf 84' lang='lat' dir='ltr'>petivisse</span> <span class='ocrx_word' id='word_1_63' title='bbox 571 1271 607 1362; x_wconf 73' lang='lat'>²).</span> <span class='ocrx_word' id='word_1_64' title='bbox 665 1279 775 1356; x_wconf 80' lang='lat' dir='ltr'>Quod</span> <span class='ocrx_word' id='word_1_65' title='bbox 816 1299 891 1346; x_wconf 93' lang='lat' dir='ltr'>non</span> <span class='ocrx_word' id='word_1_66' title='bbox 933 1281 971 1345; x_wconf 94' lang='lat' dir='ltr'>in</span> <span class='ocrx_word' id='word_1_67' title='bbox 1000 1280 1130 1346; x_wconf 88' lang='lat' dir='ltr'>eodem</span> <span class='ocrx_word' id='word_1_68' title='bbox 1159 1279 1253 1346; x_wconf 89' lang='lat' dir='ltr'>haec</span> 
     </span>
     <span class='ocr_line' id='line_1_10' title="bbox 62 1399 1250 1478; baseline 0.001 -14"><span class='ocrx_word' id='word_1_69' title='bbox 62 1418 193 1465; x_wconf 86' lang='lat' dir='ltr'>rerum</span> <span class='ocrx_word' id='word_1_70' title='bbox 229 1404 405 1466; x_wconf 86' lang='lat' dir='ltr'>contextu</span> <span class='ocrx_word' id='word_1_71' title='bbox 439 1399 661 1465; x_wconf 85' lang='lat' dir='ltr'>Plutarchus</span> <span class='ocrx_word' id='word_1_72' title='bbox 690 1399 805 1466; x_wconf 88' lang='lat' dir='ltr'>habet</span> <span class='ocrx_word' id='word_1_73' title='bbox 833 1419 875 1466; x_wconf 93' lang='lat' dir='ltr'>ac</span> <span class='ocrx_word' id='word_1_74' title='bbox 904 1400 987 1465; x_wconf 89' lang='lat' dir='ltr'>Tac.</span> <span class='ocrx_word' id='word_1_75' title='bbox 1018 1399 1035 1464; x_wconf 93' lang='lat' dir='ltr'>l</span> <span class='ocrx_word' id='word_1_76' title='bbox 1064 1401 1126 1478; x_wconf 86' lang='grc'>74,</span> <span class='ocrx_word' id='word_1_77' title='bbox 1156 1400 1250 1465; x_wconf 92' lang='lat' dir='ltr'>nihil</span> 
     </span>
     <span class='ocr_line' id='line_1_11' title="bbox 62 1517 1250 1603; baseline 0.002 -19"><span class='ocrx_word' id='word_1_78' title='bbox 62 1523 139 1599; x_wconf 87' lang='lat' dir='ltr'>est;</span> <span class='ocrx_word' id='word_1_79' title='bbox 170 1519 206 1583; x_wconf 91' lang='lat' dir='ltr'>in</span> <span class='ocrx_word' id='word_1_80' title='bbox 235 1538 310 1603; x_wconf 90' lang='lat' dir='ltr'>quo</span> <span class='ocrx_word' id='word_1_81' title='bbox 338 1538 420 1585; x_wconf 92' lang='lat' dir='ltr'>cum</span> <span class='ocrx_word' id='word_1_82' title='bbox 452 1517 651 1585; x_wconf 83' lang='lat' dir='ltr'>Suetonius</span> <span class='ocrx_word' id='word_1_83' title='bbox 680 1518 807 1584; x_wconf 88' lang='lat' dir='ltr'>Tacito</span> <span class='ocrx_word' id='word_1_84' title='bbox 836 1519 1074 1598; x_wconf 84' lang='lat' dir='ltr'>assentiatur,</span> <span class='ocrx_word' id='word_1_85' title='bbox 1105 1519 1185 1585; x_wconf 89' lang='lat' dir='ltr'>veri</span> <span class='ocrx_word' id='word_1_86' title='bbox 1206 1520 1250 1586; x_wconf 93' lang='lat' dir='ltr'>si-</span> 
     </span>
     <span class='ocr_line' id='line_1_12' title="bbox 61 1631 756 1723; baseline 0 -19"><span class='ocrx_word' id='word_1_87' title='bbox 61 1638 247 1704; x_wconf 90' lang='lat' dir='ltr'>miliorem</span> <span class='ocrx_word' id='word_1_88' title='bbox 277 1639 584 1706; x_wconf 45' lang='lat' dir='ltr'>huius‘ordinem</span> <span class='ocrx_word' id='word_1_89' title='bbox 614 1631 756 1723; x_wconf 75' lang='lat' dir='ltr'>puto3).</span> 
     </span>
    </p>

    <p class='ocr_par' dir='ltr' id='par_1_3' title="bbox 171 1757 1249 1826">
     <span class='ocr_line' id='line_1_13' title="bbox 171 1757 1249 1826; baseline 0.003 -3"><span class='ocrx_word' id='word_1_90' title='bbox 171 1758 336 1825; x_wconf 84' lang='lat'>22-38.</span> <span class='ocrx_word' id='word_1_91' title='bbox 393 1758 496 1824; x_wconf 91' lang='lat' dir='ltr'>Haec</span> <span class='ocrx_word' id='word_1_92' title='bbox 536 1757 585 1823; x_wconf 91' lang='lat' dir='ltr'>ob</span> <span class='ocrx_word' id='word_1_93' title='bbox 625 1777 807 1823; x_wconf 89' lang='lat' dir='ltr'>summam</span> <span class='ocrx_word' id='word_1_94' title='bbox 845 1757 1080 1824; x_wconf 88' lang='lat' dir='ltr'>concordiam</span> <span class='ocrx_word' id='word_1_95' title='bbox 1117 1763 1249 1826; x_wconf 89' lang='lat' dir='ltr'>cuncta</span> 
     </span>
    </p>
   </div>
   <div class='ocr_carea' id='block_1_3' title="bbox 58 1876 1250 2452">
    <p class='ocr_par' dir='ltr' id='par_1_4' title="bbox 58 1876 1250 2452">
     <span class='ocr_line' id='line_1_14' title="bbox 62 1876 1250 1956; baseline -0.001 -11"><span class='ocrx_word' id='word_1_96' title='bbox 62 1878 111 1945; x_wconf 91' lang='lat' dir='ltr'>de</span> <span class='ocrx_word' id='word_1_97' title='bbox 142 1878 268 1944; x_wconf 88' lang='lat' dir='ltr'>Tacito</span> <span class='ocrx_word' id='word_1_98' title='bbox 296 1878 433 1944; x_wconf 88' lang='lat' dir='ltr'>hausta</span> <span class='ocrx_word' id='word_1_99' title='bbox 461 1896 543 1943; x_wconf 90' lang='lat' dir='ltr'>esse</span> <span class='ocrx_word' id='word_1_100' title='bbox 572 1876 750 1956; x_wconf 90' lang='lat' dir='ltr'>arbitr0r;</span> <span class='ocrx_word' id='word_1_101' title='bbox 780 1896 848 1943; x_wconf 91' lang='lat' dir='ltr'>nec</span> <span class='ocrx_word' id='word_1_102' title='bbox 876 1885 932 1943; x_wconf 89' lang='lat' dir='ltr'>est</span> <span class='ocrx_word' id='word_1_103' title='bbox 960 1877 1054 1943; x_wconf 87' lang='lat' dir='ltr'>tanti</span> <span class='ocrx_word' id='word_1_104' title='bbox 1083 1877 1250 1944; x_wconf 86' lang='lat' dir='ltr'>similitu-</span> 
     </span>
     <span class='ocr_line' id='line_1_15' title="bbox 62 1989 1249 2082; baseline -0.001 -18"><span class='ocrx_word' id='word_1_105' title='bbox 62 1998 173 2064; x_wconf 87' lang='lat' dir='ltr'>dines</span> <span class='ocrx_word' id='word_1_106' title='bbox 202 2002 288 2064; x_wconf 87' lang='lat' dir='ltr'>antc</span> <span class='ocrx_word' id='word_1_107' title='bbox 308 1998 435 2064; x_wconf 90' lang='lat' dir='ltr'>oculos</span> <span class='ocrx_word' id='word_1_108' title='bbox 462 1998 605 2082; x_wconf 87' lang='lat' dir='ltr'>positas</span> <span class='ocrx_word' id='word_1_109' title='bbox 634 1997 829 2062; x_wconf 89' lang='lat' dir='ltr'>enucleare</span> <span class='ocrx_word' id='word_1_110' title='bbox 843 1989 882 2082; x_wconf 86' lang='grc'>4).</span> <span class='ocrx_word' id='word_1_111' title='bbox 927 1995 1036 2072; x_wconf 80' lang='lat' dir='ltr'>Quod</span> <span class='ocrx_word' id='word_1_112' title='bbox 1056 2016 1146 2063; x_wconf 89' lang='lat' dir='ltr'>vero</span> <span class='ocrx_word' id='word_1_113' title='bbox 1165 1998 1249 2064; x_wconf 86' lang='lat' dir='ltr'>Plu·</span> 
     </span>
     <span class='ocr_line' id='line_1_16' title="bbox 63 2106 1250 2212; baseline 0.001 -29"><span class='ocrx_word' id='word_1_114' title='bbox 63 2117 217 2184; x_wconf 89' lang='lat' dir='ltr'>tarchus</span> <span class='ocrx_word' id='word_1_115' title='bbox 245 2118 292 2184; x_wconf 90' lang='lat' dir='ltr'>de</span> <span class='ocrx_word' id='word_1_116' title='bbox 321 2121 445 2184; x_wconf 88' lang='lat' dir='ltr'>statua</span> <span class='ocrx_word' id='word_1_117' title='bbox 473 2116 552 2183; x_wconf 91' lang='lat' dir='ltr'>divi</span> <span class='ocrx_word' id='word_1_118' title='bbox 579 2116 664 2182; x_wconf 93' lang='lat' dir='ltr'>Iulii</span> <span class='ocrx_word' id='word_1_119' title='bbox 692 2135 903 2182; x_wconf 88' lang='lat' dir='ltr'>memorans</span> <span class='ocrx_word' id='word_1_120' title='bbox 924 2116 1095 2202; x_wconf 85' lang='lat' dir='ltr'>adiungit</span> <span class='ocrx_word' id='word_1_121' title='bbox 1115 2106 1136 2186; x_wconf 83' lang='grc' dir='ltr'>ὅ</span> <span class='ocrx_word' id='word_1_122' title='bbox 1156 2139 1250 2212; x_wconf 80' lang='grc' dir='ltr'><em>φασι</em></span> 
     </span>
     <span class='ocr_line' id='line_1_17' title="bbox 64 2228 1248 2327; baseline -0.003 -21"><span class='ocrx_word' id='word_1_123' title='bbox 64 2277 108 2285; x_wconf 96' lang='grc'>-</span> <span class='ocrx_word' id='word_1_124' title='bbox 138 2228 460 2327; x_wconf 70' lang='grc' dir='ltr'><em>ἀπελαμβάνοντο</em></span> <span class='ocrx_word' id='word_1_125' title='bbox 490 2257 525 2302; x_wconf 83' lang='grc' dir='ltr'>ν.</span> <span class='ocrx_word' id='word_1_126' title='bbox 556 2236 605 2303; x_wconf 84' lang='grc'>29</span> <span class='ocrx_word' id='word_1_127' title='bbox 633 2257 730 2322; x_wconf 90' lang='lat' dir='ltr'>sqq.,</span> <span class='ocrx_word' id='word_1_128' title='bbox 759 2236 893 2303; x_wconf 82' lang='lat' dir='ltr'>Lenius</span> <span class='ocrx_word' id='word_1_129' title='bbox 922 2257 957 2322; x_wconf 91' lang='lat' dir='ltr'>p.</span> <span class='ocrx_word' id='word_1_130' title='bbox 987 2237 1036 2305; x_wconf 80' lang='lat'>93</span> <span class='ocrx_word' id='word_1_131' title='bbox 1066 2239 1147 2304; x_wconf 85' lang='lat' dir='ltr'>iure</span> <span class='ocrx_word' id='word_1_132' title='bbox 1175 2256 1248 2303; x_wconf 93' lang='lat' dir='ltr'>mo-</span> 
     </span>
     <span class='ocr_line' id='line_1_18' title="bbox 58 2352 1247 2452; baseline -0.001 -28"><span class='ocrx_word' id='word_1_133' title='bbox 58 2358 146 2424; x_wconf 90' lang='lat' dir='ltr'>nuit</span> <span class='ocrx_word' id='word_1_134' title='bbox 178 2357 452 2442; x_wconf 88' lang='lat' dir='ltr'>Vespasianum</span> <span class='ocrx_word' id='word_1_135' title='bbox 481 2352 657 2452; x_wconf 74' lang='grc' dir='ltr'><strong><em>ἐμφανοῖς</em></strong></span> <span class='ocrx_word' id='word_1_136' title='bbox 685 2357 830 2441; x_wconf 88' lang='lat' dir='ltr'>imperii</span> <span class='ocrx_word' id='word_1_137' title='bbox 857 2359 1065 2443; x_wconf 89' lang='lat' dir='ltr'>occupandi</span> <span class='ocrx_word' id='word_1_138' title='bbox 1093 2357 1247 2424; x_wconf 86' lang='lat' dir='ltr'>consilia</span> 
     </span>
    </p>
   </div>
   <div class='ocr_carea' id='block_1_4' title="bbox 58 2474 1248 2805">
    <p class='ocr_par' dir='ltr' id='par_1_5' title="bbox 58 2474 1248 2805">
     <span class='ocr_line' id='line_1_19' title="bbox 59 2474 1248 2562; baseline -0.001 -18"><span class='ocrx_word' id='word_1_139' title='bbox 59 2497 140 2544; x_wconf 90' lang='lat' dir='ltr'>non</span> <span class='ocrx_word' id='word_1_140' title='bbox 168 2477 295 2555; x_wconf 89' lang='lat' dir='ltr'>inisse,</span> <span class='ocrx_word' id='word_1_141' title='bbox 327 2480 527 2560; x_wconf 87' lang='lat' dir='ltr'>antequam</span> <span class='ocrx_word' id='word_1_142' title='bbox 558 2474 656 2542; x_wconf 93' lang='lat' dir='ltr'>Otho</span> <span class='ocrx_word' id='word_1_143' title='bbox 685 2480 854 2543; x_wconf 93' lang='lat' dir='ltr'>mortuus</span> <span class='ocrx_word' id='word_1_144' title='bbox 883 2481 920 2542; x_wconf 90' lang='lat' dir='ltr'>et</span> <span class='ocrx_word' id='word_1_145' title='bbox 949 2477 1120 2543; x_wconf 92' lang='lat' dir='ltr'>Vitellius</span> <span class='ocrx_word' id='word_1_146' title='bbox 1148 2476 1248 2562; x_wconf 90' lang='lat' dir='ltr'>prin-</span> 
     </span>
     <span class='ocr_line' id='line_1_20' title="bbox 58 2589 1245 2682; baseline -0.002 -19"><span class='ocrx_word' id='word_1_147' title='bbox 58 2598 227 2682; x_wconf 92' lang='lat' dir='ltr'>cipatum</span> <span class='ocrx_word' id='word_1_148' title='bbox 270 2596 429 2681; x_wconf 89' lang='lat' dir='ltr'>adeptus</span> <span class='ocrx_word' id='word_1_149' title='bbox 471 2601 569 2661; x_wconf 87' lang='lat' dir='ltr'>esset</span> <span class='ocrx_word' id='word_1_150' title='bbox 597 2594 677 2680; x_wconf 82' lang='lat' dir='ltr'>(cfr.</span> <span class='ocrx_word' id='word_1_151' title='bbox 708 2595 791 2661; x_wconf 85' lang='lat' dir='ltr'>Tac.</span> <span class='ocrx_word' id='word_1_152' title='bbox 822 2596 860 2661; x_wconf 90' lang='grc' dir='ltr'>ΙΙ</span> <span class='ocrx_word' id='word_1_153' title='bbox 880 2595 945 2680; x_wconf 83' lang='grc'>74)</span> <span class='ocrx_word' id='word_1_154' title='bbox 960 2589 998 2681; x_wconf 69' lang='grc' dir='ltr'>ὁ).</span> <span class='ocrx_word' id='word_1_155' title='bbox 1060 2595 1245 2672; x_wconf 80' lang='lat' dir='ltr'>Quoniam</span> 
     </span>
     <span class='ocr_line' id='line_1_21' title="bbox 58 2715 1248 2805; baseline -0.003 -21"><span class='ocrx_word' id='word_1_156' title='bbox 58 2718 180 2805; x_wconf 85' lang='lat' dir='ltr'>igitur</span> <span class='ocrx_word' id='word_1_157' title='bbox 208 2721 355 2801; x_wconf 89' lang='lat' dir='ltr'>tempus</span> <span class='ocrx_word' id='word_1_158' title='bbox 383 2735 403 2781; x_wconf 99' lang='lat' dir='ltr'>a</span> <span class='ocrx_word' id='word_1_159' title='bbox 432 2715 633 2781; x_wconf 89' lang='lat' dir='ltr'>Plutarcho</span> <span class='ocrx_word' id='word_1_160' title='bbox 662 2715 801 2781; x_wconf 89' lang='lat' dir='ltr'>editum</span> <span class='ocrx_word' id='word_1_161' title='bbox 830 2715 966 2780; x_wconf 88' lang='lat' dir='ltr'>falsum</span> <span class='ocrx_word' id='word_1_162' title='bbox 995 2718 1061 2793; x_wconf 85' lang='lat' dir='ltr'>est,</span> <span class='ocrx_word' id='word_1_163' title='bbox 1084 2716 1248 2799; x_wconf 89' lang='lat' dir='ltr'>quidest</span> 
     </span>
    </p>
   </div>
   <div class='ocr_carea' id='block_1_5' title="bbox 59 2919 270 2926">
    <p class='ocr_par' dir='ltr' id='par_1_6' title="bbox 59 2919 270 2926">
     <span class='ocr_line' id='line_1_22' title="bbox 59 2919 270 2926; baseline -0.009 0"><span class='ocrx_word' id='word_1_164' title='bbox 59 2919 270 2926; x_wconf 74' lang='lat'>-——.—..</span> 
     </span>
    </p>
   </div>
   <div class='ocr_carea' id='block_1_6' title="bbox 169 3053 792 3130">
    <p class='ocr_par' dir='ltr' id='par_1_7' title="bbox 169 3053 792 3130">
     <span class='ocr_line' id='line_1_23' title="bbox 169 3053 792 3130; baseline -0.006 -16"><span class='ocrx_word' id='word_1_165' title='bbox 169 3055 191 3130; x_wconf 89' lang='lat'>¹)</span> <span class='ocrx_word' id='word_1_166' title='bbox 214 3056 257 3114; x_wconf 90' lang='lat' dir='ltr'>De</span> <span class='ocrx_word' id='word_1_167' title='bbox 279 3055 395 3114; x_wconf 83' lang='lat' dir='ltr'>Velleio</span> <span class='ocrx_word' id='word_1_168' title='bbox 419 3055 447 3112; x_wconf 92' lang='lat' dir='ltr'>ll</span> <span class='ocrx_word' id='word_1_169' title='bbox 471 3057 498 3128; x_wconf 85' lang='lat'>8,</span> <span class='ocrx_word' id='word_1_170' title='bbox 523 3057 540 3113; x_wconf 85' lang='lat'><strong>3</strong></span> <span class='ocrx_word' id='word_1_171' title='bbox 564 3054 616 3112; x_wconf 79' lang='lat' dir='ltr'>cir.</span> <span class='ocrx_word' id='word_1_172' title='bbox 639 3053 792 3111; x_wconf 80' lang='lat' dir='ltr'>Praelatio.</span> 
     </span>
    </p>
   </div>
   <div class='ocr_carea' id='block_1_7' title="bbox 58 3173 1247 3455">
    <p class='ocr_par' dir='ltr' id='par_1_8' title="bbox 58 3173 1247 3455">
     <span class='ocr_line' id='line_1_24' title="bbox 168 3173 1247 3250; baseline -0.004 -16"><span class='ocrx_word' id='word_1_173' title='bbox 168 3175 192 3244; x_wconf 80' lang='lat'>²)</span> <span class='ocrx_word' id='word_1_174' title='bbox 215 3176 324 3234; x_wconf 84' lang='lat' dir='ltr'>Lenius</span> <span class='ocrx_word' id='word_1_175' title='bbox 355 3175 480 3233; x_wconf 89' lang='lat' dir='ltr'>nimium</span> <span class='ocrx_word' id='word_1_176' title='bbox 511 3174 570 3247; x_wconf 72' lang='lat' dir='ltr'>dat,</span> <span class='ocrx_word' id='word_1_177' title='bbox 596 3192 663 3232; x_wconf 89' lang='lat' dir='ltr'>cum</span> <span class='ocrx_word' id='word_1_178' title='bbox 688 3174 859 3249; x_wconf 87' lang='lat' dir='ltr'>»inprimis</span> <span class='ocrx_word' id='word_1_179' title='bbox 883 3191 922 3232; x_wconf 85' lang='lat' dir='ltr'>ex</span> <span class='ocrx_word' id='word_1_180' title='bbox 944 3179 1078 3232; x_wconf 84' lang='lat' dir='ltr'>extrema</span> <span class='ocrx_word' id='word_1_181' title='bbox 1101 3173 1247 3250; x_wconf 86' lang='lat' dir='ltr'>particula</span> 
     </span>
     <span class='ocr_line' id='line_1_25' title="bbox 59 3275 1247 3354; baseline -0.003 -16"><span class='ocrx_word' id='word_1_182' title='bbox 59 3279 246 3354; x_wconf 81' lang='lat' dir='ltr'>Plutarchi»,</span> <span class='ocrx_word' id='word_1_183' title='bbox 268 3284 302 3336; x_wconf 90' lang='lat' dir='ltr'>ut</span> <span class='ocrx_word' id='word_1_184' title='bbox 324 3279 390 3336; x_wconf 84' lang='lat' dir='ltr'>fons</span> <span class='ocrx_word' id='word_1_185' title='bbox 425 3278 591 3336; x_wconf 84' lang='lat' dir='ltr'>communis</span> <span class='ocrx_word' id='word_1_186' title='bbox 621 3276 727 3348; x_wconf 82' lang='lat' dir='ltr'>subsit,</span> <span class='ocrx_word' id='word_1_187' title='bbox 750 3277 878 3335; x_wconf 81' lang='lat' dir='ltr'>tortasse</span> <span class='ocrx_word' id='word_1_188' title='bbox 902 3277 979 3334; x_wconf 85' lang='lat' dir='ltr'>effici</span> <span class='ocrx_word' id='word_1_189' title='bbox 1002 3275 1146 3334; x_wconf 87' lang='lat' dir='ltr'>concedit.</span> <span class='ocrx_word' id='word_1_190' title='bbox 1191 3276 1247 3334; x_wconf 87' lang='lat' dir='ltr'>Illa</span> 
     </span>
     <span class='ocr_line' id='line_1_26' title="bbox 58 3376 1247 3455; baseline -0.007 -13"><span class='ocrx_word' id='word_1_191' title='bbox 58 3383 142 3442; x_wconf 89' lang='lat' dir='ltr'>enim</span> <span class='ocrx_word' id='word_1_192' title='bbox 177 3400 251 3439; x_wconf 85' lang='lat' dir='ltr'>vana</span> <span class='ocrx_word' id='word_1_193' title='bbox 284 3386 330 3439; x_wconf 87' lang='lat' dir='ltr'>est</span> <span class='ocrx_word' id='word_1_194' title='bbox 364 3379 546 3452; x_wconf 75' lang='lat' dir='ltr'>declamatio,</span> <span class='ocrx_word' id='word_1_195' title='bbox 580 3397 656 3455; x_wconf 84' lang='lat' dir='ltr'>quae</span> <span class='ocrx_word' id='word_1_196' title='bbox 690 3383 840 3453; x_wconf 87' lang='lat' dir='ltr'>praeterea</span> <span class='ocrx_word' id='word_1_197' title='bbox 876 3396 942 3436; x_wconf 90' lang='lat' dir='ltr'>oum</span> <span class='ocrx_word' id='word_1_198' title='bbox 963 3376 994 3435; x_wconf 85' lang='lat' dir='ltr'>T.</span> <span class='ocrx_word' id='word_1_199' title='bbox 1017 3377 1032 3435; x_wconf 93' lang='grc' dir='ltr'><strong>Ι</strong></span> <span class='ocrx_word' id='word_1_200' title='bbox 1056 3377 1096 3436; x_wconf 84' lang='grc'>50</span> <span class='ocrx_word' id='word_1_201' title='bbox 1126 3395 1247 3453; x_wconf 90' lang='lat' dir='ltr'>compa·</span> 
     </span>
    </p>
   </div>
   <div class='ocr_carea' id='block_1_8' title="bbox 58 3484 233 3544">
    <p class='ocr_par' dir='ltr' id='par_1_9' title="bbox 58 3484 233 3544">
     <span class='ocr_line' id='line_1_27' title="bbox 58 3484 233 3544; baseline -0.023 0"><span class='ocrx_word' id='word_1_202' title='bbox 58 3484 156 3544; x_wconf 84' lang='lat' dir='ltr'>remla</span> <span class='ocrx_word' id='word_1_203' title='bbox 178 3490 233 3542; x_wconf 90' lang='lat' dir='ltr'>est.</span> 
     </span>
    </p>
   </div>
   <div class='ocr_carea' id='block_1_9' title="bbox 61 3617 1246 3919">
    <p class='ocr_par' dir='ltr' id='par_1_10' title="bbox 61 3617 1246 3919">
     <span class='ocr_line' id='line_1_28' title="bbox 167 3617 678 3696; baseline -0.012 -16"><span class='ocrx_word' id='word_1_204' title='bbox 167 3620 191 3696; x_wconf 83' lang='lat'>³)</span> <span class='ocrx_word' id='word_1_205' title='bbox 213 3621 323 3680; x_wconf 84' lang='lat' dir='ltr'>Contra</span> <span class='ocrx_word' id='word_1_206' title='bbox 345 3626 434 3695; x_wconf 85' lang='lat' dir='ltr'>atque</span> <span class='ocrx_word' id='word_1_207' title='bbox 456 3618 545 3676; x_wconf 79' lang='lat' dir='ltr'>Fabia</span> <span class='ocrx_word' id='word_1_208' title='bbox 567 3624 596 3676; x_wconf 89' lang='lat' dir='ltr'>et</span> <span class='ocrx_word' id='word_1_209' title='bbox 618 3617 678 3675; x_wconf 88' lang='lat' dir='ltr'>alii.</span> 
     </span>
     <span class='ocr_line' id='line_1_29' title="bbox 167 3730 1246 3817; baseline -0.006 -18"><span class='ocrx_word' id='word_1_210' title='bbox 167 3738 191 3817; x_wconf 69' lang='grc'>4)</span> <span class='ocrx_word' id='word_1_211' title='bbox 214 3740 341 3799; x_wconf 86' lang='lat' dir='ltr'>Tantum</span> <span class='ocrx_word' id='word_1_212' title='bbox 363 3739 438 3810; x_wconf 74' lang='lat' dir='ltr'>dioc,</span> <span class='ocrx_word' id='word_1_213' title='bbox 460 3739 548 3796; x_wconf 88' lang='lat' dir='ltr'>etiam</span> <span class='ocrx_word' id='word_1_214' title='bbox 571 3731 609 3799; x_wconf 79' lang='grc' dir='ltr'>τοὶ</span> <span class='ocrx_word' id='word_1_215' title='bbox 632 3733 683 3816; x_wconf 79' lang='grc' dir='ltr'>μὲν</span> <span class='ocrx_word' id='word_1_216' title='bbox 706 3730 782 3798; x_wconf 74' lang='grc' dir='ltr'>ἄλλα</span> <span class='ocrx_word' id='word_1_217' title='bbox 804 3770 845 3777; x_wconf 94' lang='grc'><strong>-</strong></span> <span class='ocrx_word' id='word_1_218' title='bbox 868 3735 940 3816; x_wconf 78' lang='grc' dir='ltr'><em>εἶχεν</em></span> <span class='ocrx_word' id='word_1_219' title='bbox 957 3755 982 3794; x_wconf 91' lang='lat' dir='ltr'>v.</span> <span class='ocrx_word' id='word_1_220' title='bbox 1000 3737 1039 3795; x_wconf 82' lang='lat'>23</span> <span class='ocrx_word' id='word_1_221' title='bbox 1057 3753 1101 3812; x_wconf 88' lang='lat' dir='ltr'>sq.</span> <span class='ocrx_word' id='word_1_222' title='bbox 1118 3736 1246 3812; x_wconf 91' lang='lat' dir='ltr'>quodam</span> 
     </span>
     <span class='ocr_line' id='line_1_30' title="bbox 61 3834 1246 3919; baseline -0.006 -17"><span class='ocrx_word' id='word_1_223' title='bbox 61 3843 150 3903; x_wconf 87' lang='lat' dir='ltr'>modo</span> <span class='ocrx_word' id='word_1_224' title='bbox 169 3843 350 3919; x_wconf 87' lang='lat' dir='ltr'>respondere</span> <span class='ocrx_word' id='word_1_225' title='bbox 373 3841 470 3900; x_wconf 83' lang='lat' dir='ltr'>verbis</span> <span class='ocrx_word' id='word_1_226' title='bbox 494 3838 586 3898; x_wconf 88' lang='lat' dir='ltr'>Taciti</span> <span class='ocrx_word' id='word_1_227' title='bbox 609 3839 729 3898; x_wconf 69' lang='lat' dir='ltr'>eliensis</span> <span class='ocrx_word' id='word_1_228' title='bbox 750 3834 920 3896; x_wconf 77' lang='lat' dir='ltr'>unctoribus</span> <span class='ocrx_word' id='word_1_229' title='bbox 942 3837 1055 3913; x_wconf 67' lang='lat' dir='ltr'>uulnutn</span> <span class='ocrx_word' id='word_1_230' title='bbox 1078 3838 1141 3914; x_wconf 84' lang='lat' dir='ltr'>(cfr.</span> <span class='ocrx_word' id='word_1_231' title='bbox 1157 3839 1246 3896; x_wconf 85' lang='lat' dir='ltr'>Fabia</span> 
     </span>
    </p>
   </div>
   <div class='ocr_carea' id='block_1_10' title="bbox 59 3936 1248 4126">
    <p class='ocr_par' dir='ltr' id='par_1_11' title="bbox 59 3936 1248 4126">
     <span class='ocr_line' id='line_1_31' title="bbox 60 3936 1248 4024; baseline -0.007 -19"><span class='ocrx_word' id='word_1_232' title='bbox 60 3967 89 4024; x_wconf 91' lang='lat' dir='ltr'>p.</span> <span class='ocrx_word' id='word_1_233' title='bbox 113 3946 181 4021; x_wconf 82' lang='lat'><strong>46);</strong></span> <span class='ocrx_word' id='word_1_234' title='bbox 205 3947 297 4022; x_wconf 86' lang='lat' dir='ltr'>inque</span> <span class='ocrx_word' id='word_1_235' title='bbox 320 3950 452 4004; x_wconf 88' lang='lat' dir='ltr'>extremo</span> <span class='ocrx_word' id='word_1_236' title='bbox 475 3943 571 4019; x_wconf 89' lang='lat' dir='ltr'>capite</span> <span class='ocrx_word' id='word_1_237' title='bbox 595 3937 656 4003; x_wconf 76' lang='grc' dir='ltr'>ἀλλ’</span> <span class='ocrx_word' id='word_1_238' title='bbox 680 3936 760 4005; x_wconf 74' lang='grc' dir='ltr'><em>οὔπω</em></span> <span class='ocrx_word' id='word_1_239' title='bbox 782 3940 922 4010; x_wconf 77' lang='grc' dir='ltr'><em>τοσοῦτος</em></span> <span class='ocrx_word' id='word_1_240' title='bbox 944 3966 970 4001; x_wconf 91' lang='grc' dir='ltr'>κ.</span> <span class='ocrx_word' id='word_1_241' title='bbox 993 3965 1018 4002; x_wconf 78' lang='lat' dir='ltr'>r.</span> <span class='ocrx_word' id='word_1_242' title='bbox 1040 3944 1066 4002; x_wconf 79' lang='lat' dir='ltr'>l.</span> <span class='ocrx_word' id='word_1_243' title='bbox 1084 3940 1161 3999; x_wconf 88' lang='lat' dir='ltr'>idem</span> <span class='ocrx_word' id='word_1_244' title='bbox 1177 3957 1248 3998; x_wconf 88' lang='lat' dir='ltr'>esse</span> 
     </span>
     <span class='ocr_line' id='line_1_32' title="bbox 59 4036 1247 4126; baseline -0.008 -18"><span class='ocrx_word' id='word_1_245' title='bbox 59 4057 153 4126; x_wconf 85' lang='lat' dir='ltr'>atque</span> <span class='ocrx_word' id='word_1_246' title='bbox 175 4048 225 4106; x_wconf 80' lang='lat' dir='ltr'>sed</span> <span class='ocrx_word' id='word_1_247' title='bbox 249 4066 347 4106; x_wconf 82' lang='lat' dir='ltr'>securo</span> <span class='ocrx_word' id='word_1_248' title='bbox 369 4046 432 4105; x_wconf 79' lang='lat' dir='ltr'>eius</span> <span class='ocrx_word' id='word_1_249' title='bbox 454 4046 676 4104; x_wconf 74' lang='lat' dir='ltr'>medicantum</span> <span class='ocrx_word' id='word_1_250' title='bbox 698 4043 833 4120; x_wconf 72' lang='lat' dir='ltr'>impleuit.</span> <span class='ocrx_word' id='word_1_251' title='bbox 879 4044 922 4102; x_wconf 90' lang='lat' dir='ltr'>De</span> <span class='ocrx_word' id='word_1_252' title='bbox 945 4036 1008 4123; x_wconf 74' lang='grc' dir='ltr'>ὥρα</span> <span class='ocrx_word' id='word_1_253' title='bbox 1031 4042 1120 4100; x_wconf 85' lang='lat' dir='ltr'>Fabia</span> <span class='ocrx_word' id='word_1_254' title='bbox 1142 4060 1170 4119; x_wconf 90' lang='lat' dir='ltr'>p.</span> <span class='ocrx_word' id='word_1_255' title='bbox 1195 4043 1247 4100; x_wconf 76' lang='lat'>47.</span> 
     </span>
    </p>
   </div>
   <div class='ocr_carea' id='block_1_11' title="bbox 61 4163 1248 4346">
    <p class='ocr_par' dir='ltr' id='par_1_12' title="bbox 61 4163 1248 4346">
     <span class='ocr_line' id='line_1_33' title="bbox 167 4163 1248 4245; baseline -0.006 -18"><span class='ocrx_word' id='word_1_256' title='bbox 167 4167 190 4245; x_wconf 82' lang='lat'>⁵)</span> <span class='ocrx_word' id='word_1_257' title='bbox 213 4167 375 4227; x_wconf 85' lang='lat' dir='ltr'>Suetonius</span> <span class='ocrx_word' id='word_1_258' title='bbox 408 4185 486 4239; x_wconf 84' lang='lat' dir='ltr'>vero,</span> <span class='ocrx_word' id='word_1_259' title='bbox 516 4166 596 4242; x_wconf 82' lang='lat' dir='ltr'>quod</span> <span class='ocrx_word' id='word_1_260' title='bbox 625 4183 712 4224; x_wconf 86' lang='lat' dir='ltr'>omen</span> <span class='ocrx_word' id='word_1_261' title='bbox 746 4165 819 4222; x_wconf 90' lang='lat' dir='ltr'>illud</span> <span class='ocrx_word' id='word_1_262' title='bbox 854 4165 911 4222; x_wconf 88' lang='lat' dir='ltr'>iam</span> <span class='ocrx_word' id='word_1_263' title='bbox 934 4183 959 4222; x_wconf 93' lang='lat' dir='ltr'>a.</span> <span class='ocrx_word' id='word_1_264' title='bbox 984 4165 1023 4223; x_wconf 77' lang='lat'>68</span> <span class='ocrx_word' id='word_1_265' title='bbox 1048 4163 1158 4220; x_wconf 87' lang='lat' dir='ltr'>lactum</span> <span class='ocrx_word' id='word_1_266' title='bbox 1177 4179 1248 4220; x_wconf 82' lang='lat' dir='ltr'>esse</span> 
     </span>
     <span class='ocr_line' id='line_1_34' title="bbox 61 4267 896 4346; baseline -0.01 -14"><span class='ocrx_word' id='word_1_267' title='bbox 61 4273 161 4346; x_wconf 83' lang='lat' dir='ltr'>tradit,</span> <span class='ocrx_word' id='word_1_268' title='bbox 185 4289 253 4331; x_wconf 84' lang='lat' dir='ltr'>curu</span> <span class='ocrx_word' id='word_1_269' title='bbox 276 4290 293 4329; x_wconf 90' lang='lat' dir='ltr'>a</span> <span class='ocrx_word' id='word_1_270' title='bbox 316 4270 416 4329; x_wconf 86' lang='lat' dir='ltr'>Tacito</span> <span class='ocrx_word' id='word_1_271' title='bbox 439 4274 503 4327; x_wconf 81' lang='lat' dir='ltr'>turn</span> <span class='ocrx_word' id='word_1_272' title='bbox 526 4287 544 4327; x_wconf 89' lang='lat' dir='ltr'>a</span> <span class='ocrx_word' id='word_1_273' title='bbox 566 4268 727 4328; x_wconf 85' lang='lat' dir='ltr'>Plutarcho</span> <span class='ocrx_word' id='word_1_274' title='bbox 749 4267 896 4326; x_wconf 86' lang='lat' dir='ltr'>dissentit.</span> 
     </span>
    </p>
   </div>
   <div class='ocr_carea' id='block_1_12' title="bbox 0 0 1494 4800">
    <p class='ocr_par' dir='ltr' id='par_1_13' title="bbox 0 0 1494 4800">
     <span class='ocr_line' id='line_1_35' title="bbox 0 0 1494 4800; baseline 0 0"><span class='ocrx_word' id='word_1_275' title='bbox 0 0 1494 4800; x_wconf 95' lang='lat' dir='ltr'> </span> 
     </span>
    </p>
   </div>
  </div>
 </body>
</html>
