2978 4800
196 253 220 298 X

153 431 268 497 totius
296 431 432 497 rationi
465 432 590 516 operis
624 424 818 516 Tacitet1).
873 430 948 497 Νοο
975 449 1067 497 vero
1096 432 1170 498 ulla
1199 433 1334 517 proba-

152 550 239 617 bilis
272 550 384 616 allata
417 554 624 629 causaest,
655 569 772 634 quare
800 551 838 615 in
866 549 935 616 hoc
963 569 1101 636 genere
1131 552 1333 636 antiquitas

154 690 176 736 a
204 675 332 736 nostra
363 673 483 736 aetate
508 674 582 736 tam
603 670 752 755 penitus
771 669 922 736 diversa
942 669 1058 736 fuisse
1077 671 1269 738 videretur
1288 666 1331 756 2);

153 790 220 856 sed
248 809 316 875 per
344 789 534 874 quandam
553 789 771 874 petitionem
794 789 975 874 principii,
994 795 1036 855 ut
1058 809 1158 856 nunc
1176 791 1333 875 loquun-

152 917 215 976 tur
242 910 433 989 dialectici,
464 928 578 994 saepe
602 928 671 995 pro
692 914 912 995 argumento
932 909 1001 975 fuit
1020 910 1208 994 idipsum,
1227 912 1329 995 quod

152 1030 258 1115 prius
300 1029 548 1096 demonstrari
589 1028 730 1107 debuit,
773 1029 1014 1095 Plutarchum
1047 1033 1083 1095 et
1117 1029 1282 1097 Tacitum
1313 1052 1332 1098 e

151 1149 338 1216 communi
381 1154 531 1215 auctore
568 1148 743 1233 pendere.
801 1148 911 1227 Quid,
955 1150 1058 1233 quod
1092 1151 1332 1218 eveteribus

151 1289 233 1335 oum
271 1288 368 1335 unus
406 1269 452 1335 de
482 1275 561 1335 arte
588 1269 767 1334 historiae
796 1268 1016 1335 scribendae
1044 1272 1331 1337 commentarius

152 1393 284 1463 exstat,
324 1389 490 1467 Luciani,
530 1388 680 1454 minime
716 1387 776 1454 ille
813 1388 964 1472 quidem
1002 1389 1110 1454 istam
1148 1390 1330 1456 rationem

151 1510 302 1575 tuetur?
322 1500 349 1592 3)
393 1507 467 1575 Sed
497 1508 603 1574 citius
633 1527 743 1592 quam
772 1509 950 1574 universa
980 1507 1133 1594 antiqua
1163 1513 1330 1595 tempora

151 1632 260 1713 putes
291 1647 311 1693 a
339 1628 476 1693 nostris
505 1627 718 1706 dissedisse,
747 1628 973 1694 concesseris
1002 1629 1096 1694 sicut
1122 1630 1329 1708 nunciare,

151 1749 203 1815 ita
244 1753 320 1814 tum
357 1766 507 1831 quoque
544 1748 641 1814 inter
678 1747 846 1834 singulos
884 1748 1082 1833 scriptores
1116 1747 1330 1816 interfuisse

255 1980 278 2054 ¹)
300 1984 375 2041 Acta
408 1989 530 2041 senatus
565 1984 596 2040 in
633 2000 722 2041 suum
754 2000 842 2041 usum
865 1984 1050 2042 convertisse
1073 1983 1209 2042 Tacitum
1232 1983 1331 2059 Groag

150 2103 179 2160 p.
205 2087 263 2144 711
296 2103 360 2161 sqq.
389 2084 475 2143 valde
508 2084 706 2160 plausibiliter
738 2084 896 2144 concludit.
920 2084 1049 2143 —Non
1075 2086 1176 2162 inopia
1201 2088 1328 2145 fontium

150 2185 286 2246 Tacitum
322 2188 353 2244 in
387 2189 477 2246 rebus
510 2185 620 2245 Galbae
653 2196 682 2246 et
714 2184 839 2245 Othonis
863 2187 901 2245 ad
932 2206 1026 2246 unum
1051 2194 1202 2247 auctorem
1228 2191 1329 2251 redac-

149 2296 216 2348 tum
249 2307 315 2348 esse
345 2290 418 2348 satis
442 2290 573 2348 ostendit
595 2289 652 2347 Ios.
675 2288 748 2348 Bell.
772 2289 836 2348 Iud.
859 2289 902 2347 IV
926 2292 984 2363 9,2
1011 2295 1126 2361 πολλοῖς
1138 2286 1278 2374 Ἑλλήνων
1299 2319 1331 2357 τε

150 2385 200 2453 καὶ
226 2385 376 2471 Ῥωμαίων
403 2386 640 2472 ἀναγέγραπται,
665 2409 845 2467 quamquam
872 2397 1013 2451 retrectat
1039 2394 1127 2452 Fabia
1149 2413 1177 2470 p.
1201 2397 1261 2454 212
1286 2414 1330 2473 sq.

253 2510 275 2586 ²)
299 2509 385 2582 Quod
408 2510 504 2568 voluit
526 2509 613 2580 Fabia
636 2528 664 2585 p.
683 2511 756 2585 1rc;
774 2511 824 2569 cfr.
840 2509 977 2580 Boissier,
991 2512 1112 2571 Journal
1129 2514 1182 2574 des
1199 2525 1330 2579 savants

148 2631 174 2670 a.
202 2614 292 2686 1895,
314 2631 343 2688 p.
366 2613 429 2671 404
458 2630 540 2688 sqq.;
570 2612 674 2671 Revue
698 2612 751 2670 des
773 2613 853 2671 deux
875 2615 1008 2687 mondes,
1031 2633 1055 2673 a.
1082 2617 1173 2688 1901,
1196 2622 1265 2676 tom.
1288 2617 1331 2676 lv

149 2733 177 2792 p.
202 2716 261 2774 241
289 2733 354 2791 sqq.
378 2747 416 2756 -
441 2714 485 2772 De
508 2715 606 2773 verbis
629 2714 716 2772 Plinii
741 2713 768 2768 V
790 2717 818 2786 8,
842 2717 880 2774 12
899 2722 1005 2791 paratu
1023 2717 1183 2792 inquisitio,
1200 2719 1249 2776 sed
1264 2737 1329 2777 οια-

147 2835 216 2875 rosa
237 2817 355 2889 collatio,
378 2835 454 2892 quae
476 2816 563 2874 Fabia
593 2818 622 2874 in
647 2835 697 2876 ore
719 2817 816 2889 habet,
836 2819 887 2876 cfr.
904 2819 1032 2878 Boissier
1046 2819 1085 2879 JS
1101 2838 1129 2896 p.
1145 2821 1215 2893 408,
1232 2820 1331 2896 Groag

149 2937 177 2996 p.
202 2921 261 2978 765
284 2919 351 2977 adn.
375 2921 403 2978 3.

257 3037 280 3114 3)
304 3036 369 3110 Qua
392 3037 504 3096 ratione
534 3043 564 3096 et
589 3038 636 3096 via
658 3039 789 3114 optimus
812 3040 939 3117 quisque
966 3047 1098 3100 veterum
1121 3042 1330 3101 historicorum

149 3141 340 3218 processerit,
363 3139 510 3216 praeclare
533 3141 713 3216 perspicitur
735 3160 751 3200 e
773 3141 837 3201 loco
857 3161 915 3201 non
933 3145 1005 3202 satis
1021 3145 1244 3203 animadverso:
1265 3143 1330 3218 Quo

150 3243 237 3302 modo
266 3243 390 3300 historia
419 3243 457 3301 sit
488 3243 711 3317 conscribenda,
741 3245 780 3302 47
809 3239 856 3306 Tol
882 3242 911 3308 δὲ
931 3240 1092 3328 πράγματα
1116 3240 1194 3308 αὐτοὶ
1219 3241 1269 3327 οὐχ
1292 3241 1332 3317 ως

149 3345 229 3425 έτυχε
263 3344 427 3419 συνακτέον,
458 3337 539 3405 ἄλλα
569 3338 770 3423 φιλοπόνως
801 3341 862 3409 καὶ
893 3342 1134 3427 ταλαιπώρως
1155 3343 1332 3419 πολλάκις

149 3442 230 3527 περὶ
263 3445 331 3508 των
360 3440 476 3508 αὐτῶν
508 3442 774 3526 α’νακρίναντα,
807 3443 856 3510 καλ
888 3443 1017 3530 μάλιστα
1044 3447 1095 3530 μὲν
1124 3445 1260 3533 παρέντα
1283 3448 1331 3514 καὶ

150 3548 311 3627 ἐφορῶντα,
334 3547 359 3610 εἰ
390 3543 419 3611 δὲ
452 3542 502 3628 μή,
524 3557 585 3617 τοῖς
607 3543 841 3631 ἀδεκαστότερον
872 3552 1062 3633 ἐξηγουμένοις
1083 3553 1261 3634 προσέχοντα
1283 3549 1332 3640 καὶ

149 3643 199 3721 οὓς
229 3643 368 3712 εἰκάσειεν
396 3643 436 3712 οἷν
462 3675 505 3720 τις
527 3643 631 3730 ἥκιστα
653 3645 725 3732 πρὸς
745 3646 832 3734 χάριν
864 3647 881 3734 ἢ
914 3649 1074 3736 ἀπέχθειαν
1105 3649 1283 3737 οἷφαιριγσειν
1315 3649 1332 3736 ἢ

148 3745 328 3832 προσθήσειν
365 3761 425 3822 τοῖς
458 3745 596 3833 γεγονόσι.
640 3749 811 3816 Κάνταῦθα
838 3750 889 3837 ἤδη
911 3752 960 3819 καὶ
983 3751 1175 3837 στοχαστικός
1207 3782 1251 3827 τις
1282 3754 1331 3819 καὶ

150 3849 318 3924 συνθετικὸς
344 3853 396 3917 τοῦ
427 3853 629 3932 πιθανωτέρου
659 3853 742 3918 έστω.
769 3859 809 3916 48
834 3853 895 3920 Καὶ
918 3852 1036 3921 ἐπειδᾶν
1058 3854 1190 3941 οἷθροίσγγ
1213 3842 1331 3922 ἅπαντα

149 3948 165 4037 ἢ
188 3951 226 4018 τα
252 3960 381 4032 πλεῖστα,
402 3955 506 4035 πρῶτα
533 3953 584 4036 μὲν
606 3951 763 4039 ὑπόμνημά
785 3984 813 4023 τι
836 3961 1032 4041 συνυφαινέτω
1055 3956 1152 4028 αὐτῶν
1174 3956 1223 4023 καὶ
1245 3960 1331 4040 σῶμα

149 4057 263 4119 ποιείτω
287 4052 412 4128 ἀκαλλὲς
434 4051 546 4119 έτικαλ
567 4050 790 4140 ἀδιάρθρωτον·
814 4061 876 4125 εἶτα
899 4056 1008 4132 ἐπιθεὶς
1030 4055 1079 4143 τὴν
1100 4056 1181 4137 τάξιν
1202 4062 1331 4143 έπαγέτω

148 4153 183 4220 τὸ
216 4153 325 4229 κάλλος
358 4156 408 4221 καὶ
439 4151 594 4240 χρωννύτω
617 4159 652 4238 τῇ
679 4160 750 4236 λέξει
783 4159 831 4226 καὶ
859 4163 1055 4245 σχηματιζέτω
1083 4158 1131 4226 καὶ
1158 4159 1331 4246 ῥυθμιζέτω.

149 4259 319 4320 Nisseniam
343 4263 439 4338 legem
461 4265 585 4337 apparet
607 4260 789 4337 incognitam
812 4267 905 4324 fuisse
929 4266 1066 4324 Lucieno.
