2978 4800
1233 248 1292 305 109
1319 308 1320 313 .

151 455 310 520 prorsus
351 439 438 505 item
466 442 557 503 uta
586 438 757 503 Romano
798 437 1007 521 expositam
1049 457 1131 503 esse
1166 443 1335 522 apparet,

150 557 238 622 ideo
277 558 340 643 qui
377 558 549 624 diversos
587 557 711 623 fontes
746 562 902 641 crepant
916 550 942 642 ¹)
975 576 1108 642 parum
1145 557 1198 623 illi
1228 557 1335 624 liber·

151 677 239 742 tatis
270 678 457 745 addicunt.
514 677 594 742 Iam
622 675 682 744 καὶ
715 673 825 744 corito
855 669 1164 772 προσεξαμαρτών
1189 698 1223 743 v.
1243 679 1260 742 1
1280 697 1335 762 sq.

150 816 235 862 cum
277 797 380 864 idem
420 798 485 864 illi
521 796 718 864 deterioris
746 795 902 862 consilii
928 799 1099 862 auctores
1121 797 1334 883 perpulere,

150 920 195 983 cri
221 918 514 1002 comparandum
544 920 601 982 est
615 909 653 1000 2).
702 916 750 982 At
778 916 876 982 enim
905 907 1014 983 πάλιν
1034 935 1069 981 v,
1093 918 1110 981 1
1133 918 1338 983 communis

151 1037 269 1103 fontis
297 1041 353 1104 est
381 1038 592 1124 vestigium.
640 1035 756 1120 Atqui
776 1036 806 1102 si
828 1034 871 1102 O.
893 1037 915 1102 5
936 1055 972 1100 v.
992 1036 1039 1103 16
1059 1056 1114 1121 sq.
1137 1028 1251 1120 αὐτὸς
1269 1037 1338 1127 μὲν

152 1139 225 1224 οὖν
261 1160 299 1223 ἐν
335 1154 514 1251 Βριξίλλῳ
546 1207 552 1221 .
584 1207 591 1220 .
623 1207 630 1220 .
661 1147 871 1251 ἀπελείφθη
901 1155 947 1221 de
974 1156 1159 1222 communi
1188 1162 1337 1224 auctore

150 1295 331 1343 manasse
358 1275 540 1342 concedas
569 1295 720 1342 necesse
741 1280 807 1353 est,
825 1294 900 1341 non
920 1276 1097 1342 continuo
1115 1276 1337 1343 Plutarchus

151 1396 214 1462 hic
254 1414 406 1481 quoque
448 1396 560 1463 alium
606 1395 747 1461 fontem
785 1399 898 1479 atque
934 1395 1120 1462 Historias
1157 1397 1336 1482 inspexit;

152 1535 315 1583 rursus
345 1515 442 1581 enim
471 1515 657 1581 Othonem
686 1515 891 1580 Brixellum
913 1535 952 1581 se
971 1517 1172 1583 contulisse
1195 1517 1337 1584 Plutar-

152 1636 259 1714 chus,
289 1640 330 1701 ut
359 1635 423 1719 qui
451 1635 503 1700 ibi
532 1654 616 1700 eum
646 1641 732 1702 ante
758 1634 875 1702 fuisse
904 1634 947 1702 O.
977 1637 1000 1702 5
1030 1636 1180 1704 aliunde
1203 1657 1338 1724 cogno·

154 1756 284 1834 visset,
313 1754 492 1821 hocloco
521 1754 569 1820 ad
598 1774 652 1839 ea,
681 1774 778 1839 quae
807 1755 933 1821 Tacito
962 1755 1084 1835 debet,
1115 1757 1162 1823 de
1188 1776 1256 1823 suo
1277 1757 1338 1824 ad-

158 1875 247 1942 dere
284 1873 407 1959 potuit
420 1866 458 1958 3).
516 1874 636 1950 Quam
675 1873 723 1939 oh
751 1892 828 1939 rem
859 1874 907 1940 ad
935 1875 1050 1941 Taciti
1080 1877 1336 1943 auctoritatem

162 1993 360 2061 aeclinasse
388 2013 427 2059 se
456 1993 694 2059 Plutarchum
724 1993 906 2060 existimo.

260 2113 398 2180 7—18.
455 2113 619 2200 Egregie
648 2114 740 2179 haec
768 2119 919 2180 enarrat
948 2113 1216 2181 Gerstenecker
1235 2135 1270 2200 p.
1288 2116 1337 2182 28

155 2253 241 2320 sqq.
255 2226 296 2319 4)‚
335 2233 579 2299 Mommsenio
607 2253 643 2318 p.
674 2233 749 2300 309
778 2233 984 2300 oblocutus
1041 2235 1127 2301 Tria
1156 2241 1243 2303 sunt
1267 2235 1338 2302 dis-

82 2368 85 2371 ·
152 2353 359 2420 cernenda:
393 2372 521 2431 unum,
560 2354 660 2437 quod
691 2352 850 2420 Caecina
883 2355 970 2420 dum
1004 2358 1154 2440 pontem
1183 2356 1289 2440 ponit
1318 2376 1338 2422 a

152 2472 432 2560 gladiatoribus
475 2470 698 2538 Othonianis
740 2475 927 2539 contraria
961 2475 999 2539 in
1027 2475 1110 2559 ripa
1151 2475 1339 2542 collocatis

154 2595 403 2679 impugnatur
440 2592 490 2677 (v.
521 2592 656 2676 7-9);
695 2592 863 2671 alterum,
893 2613 1011 2660 naves
1039 2595 1288 2661 incendiarias
1317 2615 1338 2662 a

153 2711 431 2801 gladiatoribus
473 2711 615 2777 frustra
653 2713 829 2796 apparari
865 2713 916 2798 (v.
954 2714 1136 2799 10-16);
1179 2717 1338 2793 tertium,

155 2832 259 2918 quod
289 2831 466 2899 Germani
495 2851 577 2897 cum
606 2832 880 2918 gladiatoribus
905 2852 1023 2918 prope
1043 2833 1203 2899 insulam
1224 2841 1339 2919 quan-

154 2953 245 3019 dam
286 2952 324 3017 in
364 2951 447 3036 ipso
487 2950 642 3017 flumine
680 2952 888 3039 confligunt
916 2953 965 3038 (r.
999 2953 1175 3039 16-18).
1232 2955 1338 3031 Quae

153 3072 382 3139 Plutarchus
409 3092 444 3136 v.
476 3071 576 3137 7-9
604 3075 640 3137 et
668 3092 702 3137 v.
732 3073 883 3140 16-18
907 3073 1032 3154 refert,
1055 3073 1185 3140 eadem
1206 3079 1339 3142 tractat

156 3191 308 3259 Tacitus
346 3196 382 3256 et
417 3192 532 3257 multo
560 3192 591 3257 is
621 3193 770 3276 quidem
800 3193 1031 3280 diligentius;
1076 3214 1174 3278 quae
1215 3203 1337 3263 autem

262 3355 284 3433 ¹)
307 3357 366 3416 Ofr.
390 3357 488 3432 Groag
511 3377 538 3433 p.
564 3362 624 3417 754
647 3377 691 3434 sq.

262 3460 285 3535 ²)
308 3460 353 3518 Ita
376 3461 409 3517 fit
432 3469 473 3518 ut.
496 3479 564 3518 cum
584 3461 703 3519 Tacitus
728 3462 875 3520 Titianum
904 3464 1123 3539 Proculumqne
1146 3462 1253 3522 Othoni
1278 3465 1337 3522 dis-

155 3581 264 3623 cessus
287 3571 423 3622 auctores
447 3564 542 3622 luisse
566 3564 672 3638 prodit,
696 3565 752 3622 hoc
775 3583 892 3640 quoque
915 3565 1092 3623 Plutarchus
1116 3566 1223 3640 legisse
1240 3567 1337 3624 videa-

155 3675 217 3725 tur.
262 3664 361 3740 Groag
383 3684 400 3723 a
423 3664 523 3723 Tacito
547 3684 604 3723 uuo
628 3667 684 3723 hoe
708 3667 835 3725 relatum
858 3685 926 3726 esse
948 3674 1167 3726 commemorat.

263 3768 287 3844 ³)
311 3768 448 3826 Tacitum
471 3768 639 3826 concedendi
661 3770 781 3827 verbum
805 3769 841 3828 de
864 3769 1015 3827 redeundo
1038 3789 1183 3846 usurpare
1199 3770 1338 3830 Gersten·

154 3871 246 3931 ecker
268 3889 296 3945 p.
322 3873 360 3930 65
384 3871 512 3929 testibus
537 3869 666 3929 Gerbero
682 3878 711 3930 et
727 3870 841 3930 Greefio
857 3873 995 3948 adnotat3
1013 3873 1230 3932 inconsiderate
1251 3874 1339 3932 Fabia

156 3993 188 4052 p.
213 3976 269 4033 65:
300 3991 389 4048 »pour
413 3973 454 4030 lui
477 3973 599 4047 (Tacite)
623 4019 630 4030 .
654 4018 660 4030 .
684 4021 690 4032 .
713 3974 787 4033 c'est
810 3993 851 4032 un
875 3976 982 4050 simple
1005 3976 1140 4052 depart
1162 3983 1192 4034 et
1215 3994 1272 4033 non
1296 3995 1338 4034 un

158 4081 314 4149 retour»;
339 4075 409 4133 item
432 4073 531 4150 Groag
554 4079 665 4150 pilii
690 4077 757 4134 adn.
777 4079 804 4135 2.
839 4078 902 4136 Hoc
917 4085 1015 4136 tamen
1033 4079 1172 4137 subtilius
1188 4086 1233 4137 est
1249 4098 1337 4154 quam

157 4186 195 4238 nt
217 4198 235 4237 a
256 4178 415 4236 Plutarcho
438 4179 656 4254 introspectum
678 4180 826 4238 arbitrere.

264 4282 286 4357 4)
310 4280 369 4338 cfr.
393 4283 481 4339 etiarn
506 4281 615 4339 Leuius
640 4300 667 4356 p.
693 4283 750 4339 131
775 4283 842 4340 adn.
869 4285 895 4340 1.
