2978 4800
1142 253 1200 310 113

60 444 174 528 plane
203 443 336 511 iisdem
365 442 456 509 locis
485 442 585 527 apud
613 446 813 527 utrumque
841 443 986 509 numeri
1013 442 1166 528 quidam
1191 463 1244 509 re·

60 563 279 648 pariuntur;
326 581 478 649 quoquo
516 567 639 629 autem
675 562 787 628 modo
815 562 964 628 Tacitus
992 557 1243 645 enarratur1)‚

166 796 190 876 ¹)
224 798 258 856 ln
291 798 371 856 hunc
404 797 502 855 locum
535 796 754 872 expediendum
789 797 951 872 plurimum
975 816 1081 874 operae
1104 799 1245 857 collatum

59 907 124 961 est:
149 902 201 959 cfr.
224 900 312 958 Fabia
334 917 363 975 p.
388 901 427 958 68
450 899 518 958 adn.
544 901 574 974 15
599 898 652 974 qui
674 916 750 974 qnos
773 906 937 971 enumerat,
960 900 997 958 iis
1013 900 1160 959 adiciendi
1174 909 1245 959 sunt

60 1003 166 1078 Hardy
188 1003 225 1060 ad
249 1021 275 1060 v.
302 1004 329 1069 9,
352 1000 450 1077 Groag
473 1020 500 1077 p.
526 1003 585 1060 757
610 1019 662 1076 sq,
685 1000 850 1076 Valrnaggi,
883 1001 939 1060 Del
972 1002 1061 1078 luogo
1084 1003 1162 1061 della
1184 1005 1245 1062 cosi

59 1107 145 1165 detta
168 1105 263 1181 prima
293 1104 433 1179 battaglia
459 1104 490 1162 di
512 1104 653 1162 Bedriaco
677 1103 751 1181 (Atti
773 1103 850 1162 della
872 1104 906 1162 R.
928 1107 997 1163 Ace.
1020 1105 1048 1162 d.
1071 1123 1112 1163 sc.
1135 1106 1165 1163 di
1189 1105 1246 1163 To-

61 1209 137 1282 rin0,
176 1207 280 1265 XXXI
302 1225 330 1283 p.
355 1207 415 1266 920
439 1225 518 1282 sqq.:
557 1207 705 1282 protertur
734 1207 771 1263 ab
801 1207 868 1282 ipso
891 1206 978 1265 Fabia
999 1208 1029 1264 in
1054 1206 1245 1266 tlnomastieo

61 1311 192 1381 Tacitae,
228 1309 366 1384 Lugduni
390 1327 415 1367 a.
441 1309 532 1382 1900,
563 1308 594 1366 in
629 1308 772 1366 vocabulo
808 1308 911 1383 Adue).
956 1315 999 1367 Ac
1030 1310 1101 1367 mihi
1124 1311 1243 1386 quidem

58 1413 238 1488 confluentes
265 1410 342 1470 Pedi
371 1416 396 1468 et
422 1410 522 1468 Adeee
552 1409 713 1484 flaminem
735 1410 765 1468 Π
787 1411 839 1482 40,
863 1412 942 1487 qnod
973 1412 1119 1487 corrigere
1143 1412 1246 1470 volue-

61 1521 135 1575 runt
168 1514 341 1590 Nipperdey
371 1513 461 1590 (apud
485 1513 650 1584 Heraeum),
674 1513 785 1588 Hardy,
807 1513 973 1590 Valmaggi,
997 1515 1115 1574 videtur
1136 1514 1245 1573 mendo

61 1636 177 1692 carere3
202 1635 269 1674 narn
293 1616 381 1674 etad
405 1615 479 1673 illud
501 1615 648 1690 quadrant
674 1633 735 1672 non
756 1621 789 1672 ert
810 1615 848 1673 od
864 1634 996 1690 perperene
1020 1617 1069 1674 sed
1090 1617 1128 1674 ed
1142 1616 1245 1676 bellen-

61 1722 137 1780 dem
147 1719 279 1796 profecti,
303 1736 400 1794 neque
415 1717 445 1775 id
459 1717 556 1792 egisse
571 1715 720 1775 Titianum
736 1717 966 1794 Proenlnmqne,
983 1726 1016 1777 nt
1031 1726 1110 1778 recta
1126 1721 1247 1795 regione

61 1827 95 1882 in
111 1823 214 1882 hostes
231 1821 375 1897 impeturn
400 1821 539 1896 facerent,
562 1838 600 1878 ex
621 1820 669 1896 iis,
685 1837 759 1895 qnae
775 1820 920 1878 Paulinus
936 1827 1038 1879 contra
1053 1821 1132 1894 dicit,
1149 1822 1246 1897 colligi

62 1931 180 2003 potest:
209 1923 286 1981 besti
317 1941 377 1980 nen
410 1922 565 2000 emissore,
597 1941 652 1998 qao
684 1923 787 1979 minas
808 1923 891 1998 ipsos
914 1923 1116 1998 adgrederetur.
1162 1922 1247 1996 Quid,

64 2028 145 2104 qnod
177 2026 323 2084 Paulinus
347 2027 408 2083 lore
430 2025 576 2100 providet,
598 2030 633 2082 ut
655 2025 750 2082 hostis
772 2025 821 2082 eie
843 2031 977 2100 quattuor
997 2025 1082 2083 milia
1098 2045 1246 2100 pessuma

57 2129 293 2206 progrederetur?
318 2127 462 2186 Videlicet
485 2125 644 2186 Othoniani
667 2127 840 2186 Cremonam
863 2132 1005 2204 quattuor
1018 2128 1133 2186 milium
1151 2128 1246 2204 spatio

62 2232 218 2291 circuituri
253 2237 352 2304 erant;
377 2231 427 2288 etr.
451 2228 715 2290 Constans-Girbal
739 2230 776 2288 ad
798 2249 974 2306 propressaes,
997 2249 1073 2307 quos
1097 2238 1195 2290 tamen
1218 2239 1248 2289 et

62 2335 114 2393 hic
136 2339 167 2393 et
191 2334 223 2391 in
245 2334 312 2392 adn.
339 2335 378 2391 13
401 2333 438 2391 ad
462 2332 490 2390 ΙΙ
512 2335 553 2390 44
576 2333 717 2409 praeterit
739 2332 890 2391 Placentia
904 2334 961 2391 iarn
978 2333 1154 2393 discessisse
1170 2333 1248 2409 Spu·

62 2438 185 2496 sinnam
221 2436 260 2514 (II
295 2438 360 2511 36);
395 2435 569 2504 Mommsen,
603 2434 726 2492 Hermes
762 2434 788 2490 V
821 2452 850 2510 p.
887 2437 962 2510 1673
998 2435 1113 2494 Kranss
1140 2455 1168 2512 p.
1192 2437 1247 2509 473

62 2539 283 2599 Gersteneclrer
316 2557 343 2614 p.
378 2540 417 2597 32
451 2545 481 2595 et
513 2537 580 2594 adn.
614 2538 662 2596 66.
706 2535 781 2593 Nam
812 2537 899 2594 Fabia
922 2538 1002 2613 qnod
1025 2556 1053 2613 p.
1078 2540 1116 2597 69
1139 2539 1206 2595 adn.
1231 2538 1247 2596 1

63 2642 217 2700 Heraeum
240 2647 363 2700 secutus
386 2640 488 2698 scribit
510 2657 578 2698 cum
601 2655 726 2696 assensn
749 2637 885 2713 Groagii:
908 2639 1067 2698 »Paulinus
1090 2646 1120 2698 et
1143 2639 1249 2698 Celsus

64 2761 106 2803 ne
140 2750 271 2820 peurent
305 2761 358 2819 pas
392 2743 491 2801 saveir
521 2742 584 2800 cela
606 2747 697 2799 arant
719 2741 748 2798 la
770 2741 887 2800 bataille
911 2787 917 2799 .
941 2788 947 2800 .
971 2786 978 2801 .
1001 2742 1076 2816 Mais
1098 2741 1199 2801 Tacite
1222 2743 1250 2800 le

65 2846 142 2906 sait:
166 2845 188 2903 il
211 2865 228 2903 a
251 2847 357 2904 trouve
379 2846 453 2903 dans
476 2863 508 2903 sa
531 2863 634 2903 source
657 2862 715 2920 qne
738 2843 766 2901 la
789 2844 906 2902 bataille
928 2850 980 2902 ent
1002 2845 1060 2903 lien
1083 2844 1250 2902 atmilles

63 2949 106 3007 de
135 2947 303 3020 Cremona»,
326 2947 450 3005 nimium
478 2947 540 3004 vitii
564 2945 664 3004 Tacito
687 2946 831 3004 attribuit.
876 2944 962 3018 Quod
983 2955 1081 3006 autem
1105 2947 1180 3005 ratio
1203 2947 1250 3005 iti-

64 3051 149 3109 neris
186 3047 421 3108 Othonianorum
455 3049 584 3106 difficilis
617 3053 664 3106 est
696 3048 733 3105 ad
760 3048 1003 3124 intellegendum,
1025 3068 1043 3107 a
1065 3049 1191 3108 Proculo
1222 3058 1252 3107 et

65 3153 197 3222 Titiano,
229 3151 399 3210 hominibus
422 3150 664 3227 imperitissimis
688 3151 806 3209 saniora
828 3151 950 3210 consilia
972 3169 1031 3210 non
1054 3152 1176 3211 fuerunt
1200 3170 1252 3210 ex-

66 3254 238 3331 spectanda.
283 3253 340 3312 Cir.
364 3252 579 3312 Gersteneclrer
609 3271 637 3328 p.
670 3255 718 3311 33.
765 3251 846 3324 Quae
868 3252 989 3312 Tacitus
1012 3255 1049 3313 de
1071 3254 1137 3313 loco
1160 3255 1253 3330 petito

65 3358 153 3431 dicit,
175 3357 213 3416 iis
240 3356 363 3432 quidem
386 3374 446 3414 non
470 3361 618 3431 repugnat
640 3355 828 3434 Plutarchus,
851 3357 904 3415 sed
928 3357 1054 3432 quodam
1077 3357 1165 3415 modo
1182 3357 1253 3414 sirn-

66 3459 198 3537 pliciora
228 3459 356 3517 reddidit
378 3464 409 3516 et
430 3476 469 3516 ex
489 3457 595 3516 itinere
617 3457 735 3532 obliquo
758 3458 903 3534 impetum
918 3460 1015 3518 effecit
1028 3460 1060 3516 in
1073 3458 1253 3518 Vitellianos

67 3564 192 3635 datum3
217 3561 276 3619 vid.
300 3561 408 3620 Lezius
425 3579 454 3637 p.
473 3561 542 3618 141.
575 3559 637 3618 Iam
660 3559 780 3618 sedecim
794 3560 861 3618 lade
876 3561 993 3618 mitterer
1009 3562 1103 3637 spatie
1117 3561 1255 3620 distantes

67 3665 100 3724 II
123 3665 164 3722 40
189 3664 379 3740 probabiliter
395 3663 528 3722 defendit
542 3663 659 3721 Krauss
675 3681 703 3738 p.
720 3663 760 3721 46
778 3680 854 3738 sqq.:
871 3663 938 3721 a‘nde
955 3682 1015 3722 non
1031 3665 1068 3722 ad
1084 3669 1221 3740 pecarium
1237 3681 1255 3720 α

68 3766 219 3844 Bedriaco,
236 3767 288 3824 sed
304 3767 341 3824 ad
356 3784 424 3824 enm
448 3767 545 3824 locum
563 3765 663 3824 reterri
680 3772 824 3840 oportere,
840 3767 890 3824 nbi
906 3767 963 3824 iter
979 3766 1122 3825 facientes
1138 3767 1186 3842 (de
1201 3767 1255 3823 im-

69 3869 206 3948 perfecto
216 3870 349 3944 petebant
364 3874 484 3926 notetur
498 3866 722 3926 Gersteneclreri
736 3868 803 3925 adn.
821 3869 872 3942 63)
887 3869 994 3926 iterum
1010 3869 1047 3927 de
1062 3869 1173 3945 proelio
1185 3887 1255 3927 con-

69 3972 265 4034 sultaverint.
297 3970 446 4029 Distentes
468 3970 683 4029 nominativum
707 3987 783 4044 esse,
797 3970 864 4028 dede
879 3971 1045 4046 significare
1061 3990 1091 4029 »a
1106 3972 1256 4030 confluen-

70 4075 172 4134 tibus»
191 4092 251 4149 quo
268 4074 367 4132 minus
382 4073 530 4131 audaciori
546 4072 710 4148 interpreti,
726 4070 958 4132 Gersteneckero
974 4093 1002 4150 p.
1017 4075 1056 4132 30
1070 4091 1144 4149 sqq..
1155 4091 1258 4131 assen-

71 4177 140 4254 tiar,
163 4194 217 4251 per
231 4175 361 4234 distende
376 4177 498 4234 verbum
515 4181 583 4248 stat,
598 4175 678 4250 qnod
694 4175 788 4249 magis
805 4177 924 4252 proprie
941 4176 1052 4234 dicitnr
1066 4177 1103 4235 de
1117 4193 1162 4249 ee,
1177 4175 1258 4251 quod

72 4296 134 4337 non
162 4285 307 4356 movetur,
330 4297 418 4354 qnam
441 4279 477 4336 de
500 4277 649 4336 euntibus.
684 4276 793 4336 Lezius
816 4297 844 4354 p.
870 4280 928 4337 137
947 4296 1011 4354 sqq.
1027 4278 1095 4336 illos
1112 4296 1171 4336 non
1187 4295 1257 4335 con-

1154 4410 1170 4462 8
