2978 4800
193 251 233 308 94

149 460 265 526 supra
300 441 395 507 dixit
428 441 546 506 dorice
583 441 753 506 insidiae
783 444 1032 507 couterentur.
1083 431 1329 534 Συνταρὰξας

149 561 503 647 epraccipitantur
528 568 749 647 generatum
778 561 938 626 ridetur.
992 561 1113 626 Porro
1139 553 1259 629 arilei
1288 599 1325 606 -

149 679 406 765 στρατοπέδου
441 700 567 766 nugae
593 688 698 759 sunt;
730 681 797 747 sed
823 680 931 746 facile
958 699 1004 746 ea
1031 679 1183 747 efficere
1211 680 1329 764 potuit

149 799 309 884 scriptor
349 800 560 867 incuriosus
600 820 621 867 e
663 801 819 886 sipnnm
854 838 895 846 -
926 801 1076 878 datam,
1118 819 1220 885 quae
1263 800 1328 866 illis

148 919 275 985 sabito
307 958 347 966 —
379 940 491 1007 eques
530 922 796 987 continuantur
808 915 844 1004 ¹).
900 921 1032 1006 Neque
1058 920 1200 986 desunt
1228 921 1327 986 inv.

152 1038 301 1106 16-25
347 1040 633 1107 necessitudinis
677 1040 833 1119 indicia;
875 1037 1055 1110 δοκοῦσιν
1092 1044 1151 1106 est
1186 1059 1329 1126 perora

150 1151 351 1244 bruerifip
393 1150 442 1228 ἄν
483 1212 491 1225 .
522 1212 529 1225 .
561 1212 568 1225 .
612 1159 687 1228 παν
728 1152 769 1229 τὸ
809 1153 901 1248 μετὰ
941 1159 1076 1228 Κεκίνα
1117 1150 1329 1254 στράτευμα

149 1286 356 1369 συντρῖψαι
387 1279 449 1347 καὶ
476 1271 614 1348 ἀνελεῖν
641 1288 678 1346 et
703 1281 824 1346 deleri
850 1299 936 1346 cam
962 1280 1141 1348 uniuersa
1170 1280 1330 1346 exercita

154 1396 359 1465 Caecinam
392 1401 562 1490 potuisse
602 1401 750 1486 gemina
790 1408 889 1466 sunt.
954 1400 1065 1476 Quod
1106 1399 1331 1467 Plutarchus

149 1517 348 1584 Paulinum
387 1539 472 1587 sero
513 1520 736 1586 subvenisse
776 1520 873 1598 dicit,
914 1520 1062 1586 Tacitus
1104 1524 1144 1586 et
1186 1519 1263 1586 hoc
1301 1524 1332 1586 et

151 1645 237 1703 ante
278 1645 424 1724 tempus
464 1641 629 1725 receptui
661 1641 847 1718 cecinisse,
873 1640 1015 1707 nullum
1045 1639 1083 1706 id
1111 1639 1209 1705 mihi
1238 1659 1331 1707 scru-

149 1757 278 1842 pulum
320 1760 431 1826 inicit.
492 1757 540 1829 (ὶὶ
580 1760 619 1829 d'e'·
660 1760 790 1829 πολλοὶ
820 1800 861 1807 -
898 1757 1116 1854 στρατηγῶν
1160 1764 1332 1828 contexta

151 1885 238 1944 sunt
266 1897 313 1944 ex
341 1880 378 1945 ΙΙ
407 1872 497 1967 263)
526 1887 563 1947 et
589 1881 627 1947 II
655 1881 717 1958 23,
747 1881 805 1946 cui
836 1879 1067 1965 respondent
1095 1897 1143 1944 ea
1173 1899 1332 1967 quoque,

150 2017 248 2083 quae
277 1999 377 2084 apud
406 2000 645 2067 Plutarchum
674 2002 731 2066 his
760 2000 970 2067 succedunt.

254 2118 295 2184 V.
326 2119 480 2186 25-26
520 2139 602 2187 cum
644 2121 771 2187 Tacito
806 2124 1036 2206 congruunt;
1073 2138 1166 2185 nam
1208 2113 1326 2200 αὐτοῖς

151 2238 371 2322 pronomine
407 2239 629 2306 Plutarchus
664 2240 776 2306 duces
804 2239 1001 2327 significat.
1028 2257 1195 2324 quorum
1231 2237 1320 2308 modo

151 2357 236 2423 iecit
263 2359 487 2425 mentionem
515 2356 604 2444 (τῶν
631 2356 861 2456 στρατηγῶν)
873 2353 913 2444 4).

254 2477 419 2545 26-27.
475 2478 578 2545 Haec
613 2480 652 2545 in
688 2480 819 2546 eodem
847 2479 1029 2546 sermonis
1058 2497 1163 2544 nexu
1192 2480 1331 2565 ponia

151 2598 351 2665 Plutarcho
393 2603 505 2683 atque
543 2618 564 2665 a
601 2599 727 2666 Tacito
767 2599 974 2666 notandum
1008 2605 1074 2666 est.
1131 2599 1192 2666 Ea
1244 2600 1332 2668 enim

151 2718 340 2786 Plutarchi
368 2719 546 2799 narratio,
575 2719 633 2786 cui
661 2720 754 2786 haec
773 2720 1064 2804 subiunguntur,
1085 2738 1213 2804 usque
1237 2740 1260 2788 a
1280 2716 1333 2789 καὶ

149 2829 367 2927 παρώξυνον
408 2840 518 2924 capiti
559 2840 675 2907 Taciti
707 2840 820 2906 1123
849 2839 1063 2925 respondet.
1121 2837 1199 2906 Sed
1247 2841 1333 2908 haec

253 3191 274 3264 ¹)
298 3192 346 3252 Sic
367 3200 470 3253 contra
492 3193 653 3270 Groagium
675 3214 704 3271 p.
728 3195 788 3255 752
812 3213 857 3272 sq.
879 3195 1103 3254 demonstrasse
1138 3195 1244 3256 videor
1267 3197 1332 3256 Plu·

149 3295 283 3353 tarchum
306 3296 391 3355 facile
413 3314 452 3355 ex
475 3297 614 3356 Historiis
638 3297 713 3356 male
735 3298 939 3374 interpretatis
963 3315 1017 3355 sua
1039 3297 1168 3356 conflare
1183 3301 1332 3374 potuisse.

251 3411 274 3488 ²)
298 3414 347 3475 Sic
369 3415 477 3475 Lenius
500 3435 528 3494 p.
554 3419 625 3489 115,
648 3417 736 3476 Fabia
758 3436 787 3495 p.
811 3419 860 3477 58.

251 3534 273 3607 ³)
296 3535 384 3594 Hunc
412 3536 510 3594 locum
544 3535 641 3612 Groag
663 3556 691 3613 p.
716 3540 775 3597 753
799 3537 943 3612 neglexit:
978 3536 1177 3612 »Umgehehrt
1207 3538 1276 3597 teilt
1301 3538 1331 3596 P.

148 3637 235 3695 allein
257 3638 304 3697 die
327 3638 608 3714 Beschuldigungen
631 3640 693 3713 mit,
717 3640 830 3699 welche
844 3635 1001 3698 Paulinus'
1016 3639 1159 3716 Truppen
1173 3659 1273 3717 gagen
1290 3642 1330 3700 ih·

150 3757 201 3798 ren
235 3738 309 3798 Ohel
341 3740 493 3800 erheben».
540 3740 577 3803 Οἱ
602 3737 632 3803 δὲ
658 3736 758 3804 πολλοὶ
779 3741 839 3802 τῶν
861 3739 1049 3818 στρατιωτῶν
1071 3746 1102 3801 et
1123 3742 1231 3818 νοίρασ
1253 3744 1332 3821 paria

149 3847 235 3916 sunt3
260 3860 314 3900 nec
337 3843 436 3901 miuus
458 3837 507 3904 καὶ
521 3842 678 3923 προδοσίαν
692 3837 845 3907 ἐνεκάλουν
860 3840 941 3922 αὐτῷ
956 3852 986 3903 et
1000 3844 1117 3903 aduerso
1130 3863 1253 3905 ramore
1266 3846 1331 3922 fnit.

250 3957 275 4036 ⁴)
309 3960 485 4020 Cavendum
516 3969 562 4023 est
591 3981 628 4022 ne
660 3965 832 4023 auctoribus
865 3964 955 4023 Lenia
989 3983 1017 4040 p.
1049 3963 1109 4024 116
1138 3982 1192 4042 sq..
1217 3966 1329 4025 Hardio

149 4083 177 4141 p.
212 4066 260 4141 o3‚
292 4063 358 4121 aliis
392 4057 491 4133 αὐτοῖς
520 4066 691 4126 admilites
714 4065 1006 4147 (relampantium)
1029 4068 1152 4143 referas;
1176 4068 1222 4127 sic
1245 4069 1331 4130 lenio

149 4165 326 4224 Plutarchus
361 4170 392 4223 et
426 4164 546 4226 Tacitus
576 4168 654 4227 inter
680 4186 712 4227 se
741 4169 897 4228 abhorrere
921 4169 977 4229 visi
1001 4174 1082 4230 suut.
1125 4170 1216 4230 Fabia
1239 4191 1270 4249 p.
1293 4173 1331 4232 58

148 4269 215 4326 adn.
240 4269 257 4326 2
282 4267 403 4326 Latium
429 4270 567 4328 correxit.
