2978 4800
1258 261 1295 317 75

151 446 203 512 ad
248 447 407 513 eundem
451 447 560 526 diem,
591 433 740 514 Tacitus
777 449 823 514 ad
861 453 1052 532 posterum
1085 451 1211 529 refert,
1240 449 1338 516 illius

150 566 433 652 neglegentiam
462 567 573 634 etiam
601 568 720 634 Fabia
748 588 781 653 p.
810 569 858 634 42
888 575 1037 635 accusat
1051 561 1088 653 1).

260 686 428 753 31—35.
484 687 540 753 De
569 678 1005 782 φοβούμενος-ἐκείνοις
1033 689 1103 754 iam
1134 689 1193 775 egi
1221 709 1257 773 p.
1279 689 1339 756 73.

152 805 231 872 Sed
276 806 387 872 etiam
429 803 490 874 καὶ
531 794 850 901 πρὸς-περιδεεῖς
890 807 1048 875 Taciteis
1078 807 1337 875 formidine—

152 925 302 991 c'ntueri
317 925 469 1012 egregie
484 925 725 1011 respondent
741 945 865 1012 neque
880 928 1034 993 multum
1051 929 1192 995 distant
1207 934 1338 995 cetera.

260 1044 429 1111 35—36.
477 1045 558 1111 Hoc
585 1049 708 1112 exstat
737 1045 838 1131 apud
867 1046 1026 1112 eundem
1055 1047 1220 1114 Tacitum
1235 1040 1272 1131 2).

259 1163 428 1231 36-39,
475 1165 579 1231 Haec
602 1184 754 1250 quoque
773 1184 855 1233 oum
876 1166 1002 1232 Tacito
1019 1166 1280 1233 admirandum
1299 1168 1336 1233 in

149 1283 307 1350 modum
346 1284 590 1363 concordant;
629 1275 707 1375 ἅμα
729 1337 736 1350 .
760 1337 766 1352 .
791 1336 797 1351 .
820 1277 898 1375 ἅμα
936 1289 992 1352 est
1020 1289 1079 1353 ct.
1105 1337 1111 1351 .
1135 1338 1142 1352 .
1164 1289 1212 1366 ct;
1252 1287 1337 1353 item

148 1403 301 1488 reliqua
328 1402 485 1488 paribus
513 1404 621 1488 paria
649 1404 860 1472 redduntur
872 1397 911 1489 3).

263 1521 431 1589 39-42.
488 1522 619 1608 Neque
660 1524 753 1590 haec
793 1544 871 1591 non·
907 1529 994 1592 sunt
1021 1527 1242 1607 consimilia;
1272 1527 1337 1592 clr.

150 1631 388 1730 ὠθουμένων
425 1645 474 1726 εἰς
507 1635 570 1712 τὸν
608 1632 776 1737 ἀνδρῶνα
814 1664 895 1711 cum
937 1646 1153 1712 conuiuium
1195 1648 1338 1713 inrum·

143 1763 284 1846 pereni
296 1753 335 1844 4).

259 1880 425 1947 42-44,
484 1882 541 1948 Ad
580 1883 736 1949 verbum
770 1902 890 1968 paene
919 1885 1042 1950 omnia
1071 1889 1283 1971 congruunt
1297 1879 1336 1968 ὁ).

258 2000 425 2067 44-47,
483 2001 598 2067 Taciti
634 2003 762 2068 eadem
797 2001 876 2068 fere
910 2022 992 2069 esse
1025 2002 1142 2069 verba
1172 2010 1338 2088 apparet.

261 2121 427 2186 47-51.
484 2121 707 2188 Plutarchus
736 2123 943 2188 orationem
973 2123 1088 2189 Taciti
1111 2125 1336 2207 amputavit;

149 2258 240 2305 nam
277 2238 390 2326 longe
428 2240 558 2306 melius
588 2242 684 2308 inter
712 2261 752 2308 se
780 2243 980 2310 concinunt
1008 2262 1119 2329 quam
1149 2243 1270 2310 solent
1297 2245 1336 2309 in

148 2358 391 2425 contionibus
421 2353 640 2442 auctorest).

262 2507 283 2576 1)
317 2508 375 2567 »De
406 2513 501 2567 meme
525 2509 588 2566 Ρ.ε
620 2516 679 2567 tort
702 2528 772 2568 sans
795 2512 885 2568 doute
907 2514 943 2569 (Ie
967 2513 1088 2587 peludre
1111 2514 1138 2571 la
1162 2525 1278 2573 terreor
1301 2516 1338 2573 de

149 2611 180 2668 la
204 2611 274 2669 ville
296 2618 387 2670 arant
409 2612 437 2669 la
460 2614 549 2670 scene
572 2612 612 2669 du
634 2611 796 2670 Palatium:
820 2619 898 2670 cette
921 2621 1034 2672 terreor
1056 2633 1073 2672 a
1095 2633 1132 2673 eu
1155 2634 1232 2690 pour
1248 2636 1338 2676 cause

152 2714 254 2772 moins
278 2714 306 2771 la
329 2731 434 2772 course
458 2715 620 2789 precipites
643 2715 696 2773 (les
720 2714 835 2773 soldats
859 2733 928 2774 vers
952 2715 979 2773 le
1001 2716 1096 2791 paleis
1119 2736 1178 2793 que
1201 2718 1245 2776 les
1262 2737 1336 2776 uou-

151 2815 248 2875 velles
271 2817 451 2890 effrayantes
475 2819 589 2875 semees
613 2836 666 2892 par
688 2817 731 2876 les
759 2817 901 2876 concives
925 2820 1012 2893 apres
1035 2819 1100 2877 leur
1114 2820 1210 2878 luite».
1245 2821 1339 2880 Aliter

150 2915 253 2992 Groag
286 2936 314 2992 p.
350 2919 419 2977 750.
507 2918 564 2976 Clr.
597 2922 674 2975 Anu.
698 2918 772 2976 141
798 2919 1118 2995 veracissimorum
1143 2920 1217 2980 XIII
1241 2923 1280 2981 25
1304 2923 1338 2980 io

148 3019 272 3078 rhodum
296 3020 469 3095 conticitotis
490 3039 548 3078 noa
570 3021 712 3095 agebatur.

259 3121 282 3191 2)
307 3121 497 3179 Plutarchum
523 3123 578 3180 hoo
600 3122 665 3180 loco
690 3121 790 3180 Tacito
807 3123 1021 3197 diligentiorem
1042 3124 1129 3182 Fabia
1145 3144 1173 3200 p.
1190 3127 1230 3184 42
1249 3127 1337 3185 nimis

149 3223 304 3282 subtiliter
326 3225 421 3282 docet.

258 3324 282 3396 3)
305 3322 388 3387 Καθ’
418 3324 518 3407 ἑτέροις
545 3320 645 3405 θύρας
671 3328 736 3401 ipse
762 3328 907 3385 adnexuit
934 3327 1113 3388 Plutarchus
1136 3330 1216 3388 siout
1239 3329 1272 3389 Ο.
1299 3334 1336 3390 18

150 3427 187 3490 δι’
214 3427 319 3508 ἑτέρων
341 3427 450 3508 θυρῶν.
496 3428 555 3487 cfr.
582 3438 731 3503 praeterea
755 3429 863 3487 herlus
887 3449 914 3505 p.
935 3432 984 3489 87.

227 3570 231 3578 ·
257 3528 281 3602 4)
305 3530 391 3589 lubia
414 3531 454 3589 ait
477 3549 505 3606 p.
528 3532 568 3587 42
593 3549 626 3589 eo
651 3530 743 3589 Taciti
779 3550 868 3607 quam
903 3532 1054 3590 Plutarchi
1079 3534 1139 3591 veri
1164 3535 1334 3593 similiorem

150 3651 221 3692 esse
244 3635 453 3706 narrationem,
477 3633 554 3710 quod
579 3633 628 3690 ille
653 3633 760 3691 milites
785 3634 902 3692 ostendi
927 3635 982 3692 sibi
1001 3633 1149 3693 Othonem
1166 3637 1336 3712 postulasse

150 3735 257 3794 scribit
292 3753 389 3811 neque
426 3737 586 3811 quicquam
610 3741 679 3793 ante
702 3735 738 3793 (le
761 3736 895 3794 convivis
918 3736 1078 3806 audivisse,
1102 3737 1149 3795 hic
1171 3756 1222 3797 cos
1246 3740 1278 3801 τί
1296 3765 1336 3820 ya-

150 3859 274 3918 γονασιν
296 3836 322 3898 οἱ
343 3837 498 3917 Καίσαρος
519 3836 663 3916 πολέμου
687 3838 905 3913 interrogantes
928 3839 1005 3896 iacit.

258 3938 280 4008 ⁵)
304 3940 362 3998 Otr.
384 3933 462 4013 τότε,
485 3940 584 4015 donea
609 3933 701 4018 ὀρθὸς
723 3933 782 4003 ἀπὸ
803 3939 854 4020 τῆς
876 3941 979 4020 κλίνης,
1002 3948 1062 3999 toro
1076 3942 1227 4016 insisterem
1244 3937 1337 4005 πολλὰ

151 4077 193 4085 -
217 4036 402 4121 φεισάμενος,
426 4042 558 4116 precibus
588 4048 612 4099 rt
646 4042 788 4116 Iocrimis3
812 4035 897 4122 μόλις
920 4038 1092 4122 ἀπέπεμψεν
1116 4039 1234 4117 αὐτούς,
1257 4064 1336 4119 aegre

149 4143 285 4216 cohibuit,
307 4144 514 4219 redieruntque.

257 4243 282 4322 ⁶)
306 4240 389 4326 Πρὸς
411 4239 498 4309 αὐτὸν
520 4241 618 4308 εὔνουν
639 4254 685 4304 est
707 4264 833 4304 errrorem
858 4247 917 4304 νηοί
938 4248 1002 4305 sive
1024 4266 1090 4323 croc
1105 4267 1151 4305 mc
1174 4293 1180 4305 .
1204 4293 1209 4304 .
1234 4293 1240 4306 .
1263 4248 1335 4305 cori-

151 4348 234 4424 tcti83
247 4342 402 4429 πρόθυμον
413 4355 459 4407 est
467 4347 603 4413 ¹mrtutem
616 4366 670 4407 seu
682 4347 878 4422 fortitudini&
892 4344 1003 4429 ὀλίγους
1015 4357 1063 4408 est
1070 4368 1241 4425 ννονοονονν.
1264 4357 1335 4412 Συν-
