2978 4800
1227 288 1287 346 119

152 477 266 567 Apud
304 480 544 547 Plutarchum
574 483 694 546 autem
725 478 953 564 gladiatores
983 478 1107 544 subito
1135 479 1172 543 in
1200 497 1331 561 campo

155 601 399 667 Bedriacensi
439 605 675 666 occurrentes
709 618 730 664 a
763 598 918 664 Batavis
959 617 1080 683 usque
1123 599 1169 664 ad
1211 598 1330 682 ripam

152 720 247 788 Padi
284 719 467 804 fugantur
502 718 629 804 ibique
657 718 695 783 in
725 717 816 783 alios
844 717 1012 783 incidunt
1038 718 1175 795 hostes,
1204 737 1224 782 a
1253 717 1331 800 qui-

151 841 222 907 bus
259 857 389 905 omnes
426 839 699 905 interimuntur.
757 836 941 921 Sequitur,
968 837 1085 921 ipsius
1112 836 1230 902 verba
1264 837 1332 902 Ta-

151 961 211 1027 citi
251 978 370 1044 prave
406 958 591 1024 intellecta
626 977 707 1024 esse
745 978 765 1023 a
799 957 1008 1023 Plutarcho.
1066 957 1329 1022 Transvectom

153 1081 260 1158 enim,
287 1099 363 1164 quo
390 1078 501 1144 modo
529 1078 775 1145 recentiorum
804 1070 1007 1163 quidaml),
1035 1077 1086 1143 sic
1109 1076 1330 1142 Plutarchus

154 1220 229 1267 non
267 1203 366 1264 recte
402 1199 669 1282 interpretatus
707 1203 777 1278 est;
807 1197 903 1265 idem
943 1217 989 1263 ex
1026 1197 1114 1264 fusa
1140 1197 1332 1282 plodioto-

151 1340 237 1386 rum
273 1338 404 1396 manu,
442 1319 544 1402 quod
576 1318 632 1396 iia,
659 1337 756 1403 quae
786 1319 886 1402 apud
915 1317 1081 1384 Tacitum
1110 1320 1329 1401 sequuntur,

157 1460 225 1525 per
267 1438 494 1524 epexegesin
536 1438 753 1523 explicatur,
791 1458 988 1523 perperam
1026 1439 1188 1523 priorem
1217 1455 1332 1521 quan·

154 1561 242 1626 dam
278 1562 524 1642 campestrem
552 1577 718 1644 pugnam
746 1558 883 1638 effecit;
914 1577 1026 1643 porro
1055 1558 1250 1644 oppositus
1278 1576 1332 1622 co·

152 1681 288 1757 hortas,
319 1677 541 1763 quibuscum
562 1678 712 1773 σπείρας
740 1675 812 1745 τῶν
840 1676 1024 1766 πολεμίων
1052 1667 1194 1744 αὐτόθι
1216 1699 1334 1763 τεταγ-

151 1801 267 1888 μένας
309 1799 356 1864 ad
397 1798 555 1864 verbum
603 1803 825 1884 congruunt,
868 1817 950 1863 cum
991 1797 1140 1863 Tacitus
1182 1795 1331 1862 eosdem

152 1919 244 1984 Vari
271 1919 394 1984 Alfeni
419 1919 587 1984 Batavos
616 1918 856 2004 significaret,
880 1919 918 1983 in
942 1937 1062 1984 novos
1082 1918 1208 1982 hostes
1229 1915 1332 1981 effin-

153 2039 208 2104 xit
236 2038 460 2114 Plutarchus
471 2031 511 2121 ²).
567 2037 646 2104 Iam
684 2057 778 2122 quos
806 2037 954 2103 Tacitus
983 2037 1021 2102 ΙΙ
1049 2036 1097 2102 35
1128 2040 1164 2101 et
1191 2035 1333 2101 Plutar-

153 2159 253 2224 chus
283 2158 326 2225 Ο.
368 2158 415 2224 10
453 2157 660 2224 Germanos
690 2157 889 2242 appellant,
916 2156 1093 2223 hocloco
1121 2155 1256 2221 Batavi
1286 2154 1333 2220 ab

154 2283 319 2363 utroque
351 2279 602 2344 nominantur.
659 2278 838 2344 Extrema
879 2277 997 2343 verba
1038 2275 1227 2342 Plutarchi
1260 2272 1331 2359 (ἐπὶ

152 2438 203 2444 -
239 2390 518 2494 διεφθάρησαν)
561 2399 733 2483 quamvis
774 2397 932 2463 Taciteis
974 2396 1108 2462 similia
1149 2397 1232 2472 sint,
1273 2414 1334 2460 au-

152 2518 280 2605 gendo
322 2523 446 2584 tamen
487 2518 548 2584 ille
589 2518 700 2584 fidem
741 2517 954 2601 superiecit3
984 2516 1162 2599 namqui
1192 2515 1334 2580 invita

160 2638 322 2706 Othonis
352 2637 398 2704 ad
427 2657 542 2704 unum
571 2657 699 2704 omnes
728 2637 945 2714 caeduntur,
975 2635 1205 2701 reviviscunt
1234 2633 1333 2717 apud

113 2779 118 2787 ·
151 2758 321 2824 Tacitum
351 2758 388 2824 ΙΙ
416 2751 519 2842 51²³).
568 2756 677 2835 Quod
707 2763 829 2823 autem
860 2756 960 2841 apud
981 2755 1221 2821 Plutarchum
1241 2753 1335 2820 desi-

149 2960 309 3035 appulisse
331 2960 501 3017 indicantur
524 2959 650 3016 necdum
674 2958 854 3016 escendisse.
887 2956 1005 3014 Etenim
1029 2957 1062 3013 io
1083 2956 1147 3030 e'pm
1161 2955 1284 3030 sicaniae
1299 2955 1335 3012 ab

150 3062 354 3137 explicatione
377 3061 601 3120 Gersteueclreri
626 3061 793 3119 seiunctum
817 3066 870 3118 est.
914 3059 1047 3118 Perbene
1070 3058 1251 3116 Mommsen:
1275 3057 1333 3115 »bei

150 3167 208 3224 der
232 3165 402 3240 Lamlung»,
426 3182 523 3240 neque
546 3183 635 3223 secus
657 3164 744 3222 Tabia
767 3183 794 3239 p.
821 3165 868 3222 72.
894 3196 928 3204 -
955 3163 998 3219 De
1021 3179 1137 3237 pugnae
1160 3178 1267 3235 genere
1283 3161 1335 3218 cfr.

150 3268 184 3326 ll
208 3270 248 3326 35
271 3287 321 3326 aec
337 3267 459 3343 perinde
480 3272 616 3324 nutantes
639 3285 652 3324 e
674 3267 796 3324 nucibus
819 3285 905 3340 quum
929 3265 1027 3323 stabili
1046 3263 1139 3338 produ
1161 3282 1174 3320 c
1193 3263 1258 3338 ripa
1274 3263 1336 3320 rarl-

150 3388 224 3428 neru
246 3369 415 3444 clerr'pebmrt.

260 3488 281 3565 ¹)
305 3489 362 3548 cfr.
385 3509 413 3565 p.
442 3490 498 3546 118
521 3489 588 3546 adn.
613 3491 641 3547 ὃ.

257 3591 282 3666 ²)
306 3592 364 3652 dtr.
387 3592 494 3649 Leuius
517 3610 546 3666 p.
573 3592 632 3649 149
661 3608 719 3666 sq.;
752 3590 838 3648 Fabia
860 3609 888 3666 p.
916 3591 968 3648 72:
1001 3590 1178 3666 »Plutarque
1202 3634 1207 3645 .
1232 3635 1238 3646 .
1263 3635 1268 3645 .
1292 3585 1337 3646 n'a

152 3713 210 3772 pas
234 3696 363 3771 compris
388 3712 421 3752 sa
445 3711 558 3752 source.
604 3689 684 3752 (l'est
707 3692 808 3751 Tacite
831 3693 902 3768 qu’il
926 3694 989 3750 faut
1011 3693 1065 3750 lire
1087 3710 1162 3768 pour
1184 3693 1337 3750 aroirune

154 3797 224 3856 idee
249 3797 328 3856 rraie
351 3805 382 3855 et
405 3804 486 3855 nette
509 3797 549 3854 dn
572 3797 653 3855 fait».

259 3899 284 3970 ³)
317 3899 536 3958 Concedentr'bus
564 3899 603 3956 od
623 3899 755 3956 rictorem
773 3917 827 3973 per
849 3897 986 3956 Flauium
1014 3897 1157 3955 Sabinum.
1179 3897 1218 3954 iis
1240 3896 1337 3971 copiis,

154 4002 263 4080 quibus
281 4002 456 4078 praefuerat,
479 4002 508 4059 id
532 4007 579 4060 est
602 4001 830 4076 gladiatoribus:
854 4001 905 4059 cfr.
928 4000 956 4058 II
975 4002 1022 4073 11,
1039 4002 1087 4072 23,
1104 4003 1143 4058 35
1161 4018 1205 4076 sq.
1219 3998 1337 4057 Woelff-

155 4107 199 4164 liu
223 4104 328 4181 Oomp.
352 4123 380 4181 p.
404 4106 444 4162 42
468 4104 599 4162 Batavos
622 4112 651 4163 et
674 4104 852 4178 gladiatores
875 4104 952 4161 inter
974 4121 1007 4161 se
1025 4103 1192 4174 conlundit;
1210 4103 1261 4160 cir.
1278 4103 1338 4159 An·

154 4210 264 4267 dresen
288 4226 315 4283 p.
340 4209 410 4266 437.
452 4207 496 4265 Ex
520 4214 615 4265 errato
641 4206 796 4265 Woelfflini
822 4207 980 4281 intellegas
1003 4207 1064 4264 falli
1089 4206 1203 4263 Fabiam
1221 4224 1248 4280 p.
1265 4205 1338 4262 110:

155 4311 217 4369 »Un
241 4311 355 4370 leoteur
376 4310 544 4384 intelligent
567 4310 603 4368 de
627 4309 653 4366 la
677 4310 783 4384 phrase
800 4355 805 4367 .
823 4354 829 4367 .
846 4353 852 4366 .
869 4327 905 4366 ne
921 4316 993 4384 peut
1009 4307 1057 4382 εἰν
1074 4317 1218 4384 tromper»
1235 4326 1260 4366 e.
1276 4328 1303 4384 q.
1316 4327 1339 4366 s.
