2978 4800
1173 233 1293 290 ,21

772 419 916 493 ferentin,
961 419 1120 494 superioris
1164 419 1338 477 Germaniae

773 520 895 596 lepianes
916 526 1003 596 rapta
1025 521 1199 580 sacramenti
1211 541 1337 580 rnamen-

774 623 815 680 tia
836 623 1038 697 imperatorem
1058 623 1152 681 aliam
1165 624 1298 699 stapitare
1313 631 1339 682 et

772 725 888 783 senatui
916 743 949 782 ac
974 725 1084 800 popolo
1106 726 1239 784 liaciano
1261 726 1339 784 arbi-

773 828 864 885 trinm
880 827 1002 902 elipandi
1007 827 1182 902 permittere,
1196 847 1252 903 qno
1264 829 1339 886 sedi-

773 930 812 988 tio
834 929 953 987 mollins
974 930 1152 1005 acciperetur.
1179 930 1338 988 Matnraait

773 1052 805 1091 ea
826 1053 872 1092 res
889 1033 1045 1091 conuitium
1065 1032 1179 1105 Galbae,
1197 1034 1259 1090 iarn
1271 1033 1336 1108 pri·

772 1136 835 1195 dem
864 1136 896 1194 de
926 1135 1075 1210 adoptione
1106 1153 1203 1192 secam
1225 1140 1250 1192 et
1271 1153 1336 1192 carn

766 1239 915 1315 proximis
937 1238 1083 1313 apitantie

259 1463 328 1530 His
356 1464 581 1531 Plutarchus
611 1485 707 1552 quae
737 1485 766 1531 ο.
799 1465 857 1544 19,
889 1475 970 1533 1-3
997 1463 1171 1548 exposuit
1189 1482 1264 1529 non
1284 1482 1365 1529 ror

151 1584 258 1670 petit,
287 1584 372 1650 licet
408 1584 445 1650 id
487 1585 619 1652 doceat
659 1585 793 1652 Lozius
831 1604 867 1669 p.
905 1585 953 1650 27
984 1582 1157 1650 omnibus
1185 1602 1337 1650 consen·

154 1703 345 1782 fientibus,
388 1703 454 1769 sod
496 1723 635 1771 novum
678 1703 865 1791 signifieat
904 1704 1086 1782 nuntium,
1113 1706 1149 1769 ot
1177 1703 1336 1769 eundem

157 1823 319 1908 quidem,
362 1823 408 1889 de
452 1842 527 1908 quo
567 1824 677 1907 plura
714 1824 873 1910 legimus
903 1824 1004 1909 apud
1034 1823 1199 1889 Tacitum
1227 1823 1245 1889 I
1275 1823 1334 1888 12.

158 1941 230 2020 Qui
257 1942 360 2010 loeus
389 1947 533 2009 tantum
561 1962 643 2009 oum
672 1942 716 2010 G.
738 1941 1336 2022 22,1-2et23,1—300nferen-

154 2062 224 2129 dus
254 2066 321 2141 est,
350 2081 439 2141 non,
469 2063 571 2147 quod
600 2063 716 2149 vulgo
743 2062 797 2141 111,
827 2062 1097 2141 oum19‚1—-3.
1140 2061 1262 2128 Huius
1282 2062 1336 2127 rei

153 2185 377 2269 argumenta
398 2181 566 2248 adferam
585 2183 623 2248 in
644 2183 815 2249 Exeursu
839 2183 866 2261 I,
884 2182 985 2249 unde
1005 2182 1114 2249 etiam
1137 2181 1337 2266 apparebit

151 2302 321 2370 Tacitum
351 2321 372 2367 a
400 2301 601 2368 Plutarcho
630 2302 689 2368 hio
716 2321 798 2368 esso
827 2322 1058 2388 expressum.

196 2537 300 2597 2-10
334 2536 427 2615 Κοινῇ
460 2529 515 2618 γὰρ
544 2531 671 2606 ἅπαντες
693 2535 720 2597 oi

154 2634 378 2720 στρατευόμενοι
399 2632 451 2700 τὸν
465 2632 590 2719 Γάλβαν
605 2636 719 2716 ἐμίσουν

150 2737 203 2804 οὐκ
226 2734 403 2803 ἀποδιδόντα
429 2735 480 2821 τὴν
502 2734 623 2823 δωρεάν,
645 2738 719 2809 ἰδίας

150 2839 182 2906 δὲ
204 2842 304 2906 ἐκεῖνον
325 2864 489 2922 προφασεις
511 2842 657 2905 ἐποιοῦντο
667 2841 690 2920 ¹)

198 2939 362 3028 Οὐεργίνιόν
389 2969 421 3007 re
442 2937 563 3025 Ῥοῦφον
585 2940 718 3026 aaronem
813 2945 826 3002 I
851 2947 868 3004 8
902 2945 1020 3004 abdicato
1057 2945 1190 3020 Verpinio
1214 2965 1269 3022 per
1295 2947 1335 3004 si-

148 3047 235 3129 μένον
258 3042 369 3127 ἀτίμως
769 3049 960 3107 mutationem
982 3048 1145 3120 amicitiam·
1168 3067 1252 3123 quern
1273 3067 1335 3107 non

357 3153 359 3157 '
769 3151 879 3208 remitti
915 3155 998 3225 atqae
1036 3150 1124 3207 etiam
1160 3168 1243 3208 ream
1275 3168 1335 3208 esee

770 3258 920 3328 tamqnam
932 3271 1020 3310 snam
1032 3253 1141 3310 crimen
1152 3253 1333 3328 accipiebant.

193 3365 243 3434 nai
274 3369 420 3433 Γαλατῶν
450 3365 519 3441 τοὺς
544 3362 718 3450 αολεμῆσαν-
813 3371 827 3429 Ι
851 3373 888 3430 51
913 3372 1092 3429 contumacia
1119 3370 1269 3430 Gallornm
1292 3372 1333 3429 ir-

148 3497 205 3544 τας
228 3468 328 3542 αὐτοῖς
351 3472 465 3555 δωρεῶν
486 3466 691 3554 τυγχάνοντας,
769 3473 858 3544 rituti,
881 3474 933 3548 qni
953 3473 1107 3530 remissam
1129 3473 1186 3531 sibi
1206 3493 1224 3531 ο
1244 3473 1335 3532 Galba

768 3582 903 3651 quartam
923 3575 1096 3633 tributorum
1112 3581 1224 3650 partem
1241 3581 1266 3633 et
1276 3594 1335 3651 pn-

768 3678 835 3736 blice
857 3678 977 3735 donatos
997 3677 1031 3735 ia
1046 3677 1241 3752 ipnannniam
1258 3696 1334 3736 eaer-

767 3780 841 3837 eitns
863 3779 1014 3836 iactabant.

148 3912 356 3925 ———

255 4033 279 4112 ¹)
303 4035 360 4094 ou.
384 4035 464 4094 Suel.
488 4035 522 4094 G.
547 4038 586 4095 16
609 4041 692 4111 atqae
714 4054 745 4094 ea
767 4035 883 4111 quidem
905 4036 1022 4094 nomine
1041 4035 1148 4106 omma
1164 4035 1216 4110 qai
1230 4033 1334 4108 abique

149 4143 242 4208 crant,
276 4138 448 4196 eaaeerbavit
471 4183 477 4195 .
501 4182 507 4195 .
532 4183 538 4194 .
564 4138 620 4196 Sed
648 4138 775 4196 manime
801 4139 939 4213 fremebat
967 4138 1126 4213 superioris
1160 4135 1334 4195 Germaniae

148 4239 335 4299 exercitare.
361 4259 389 4317 q.
413 4258 436 4299 ο.
1221 4240 1224 4248 ”
