2978 4800
1252 235 1290 293 15

258 424 333 493 err.
372 426 457 492 Tac.
497 425 593 492 Hist.
629 424 646 490 Ι
682 425 742 502 13,
776 444 810 489 v.
841 423 1013 504 12--18;
1058 423 1160 492 Suet.
1192 424 1277 493 Oth.
1302 446 1334 493 c.

148 547 272 625 2-3;
312 545 418 612 Dion.
447 543 552 612 Cass.
581 543 665 610 LXI
697 543 800 623 11,2;
837 543 921 610 Tac.
952 544 1047 610 Ann.
1075 544 1168 612 XIII
1197 546 1246 612 45
1276 565 1334 631 sq.

255 666 311 731 De
354 662 513 731 Othonis
560 663 814 730 adulescentia
860 664 1015 749 eiusque
1060 683 1143 731 cum
1185 665 1334 732 Nerone

149 785 325 863 amicitia,
355 784 402 851 de
443 783 584 868 nuptiis
617 782 830 868 Poppaeae,
860 784 907 850 de
936 783 1096 851 Othonis
1120 785 1160 850 in
1189 785 1335 852 Lusita-

147 907 252 973 niam
292 903 481 990 legatione
523 921 620 988 quae
655 908 825 970 auctores
853 903 1102 988 prodiderunt
1117 897 1154 990 1),
1184 905 1336 992 longius

147 1025 275 1094 omnia
316 1023 494 1109 persequi
536 1023 650 1102 nolui,
680 1023 769 1109 quia
804 1024 878 1089 iam
906 1023 1052 1108 pridem
1080 1025 1177 1090 inter
1204 1043 1336 1091 omnes

147 1149 297 1212 constat
328 1161 561 1209 communem
602 1142 741 1210 iontem
772 1163 792 1209 a
821 1144 947 1210 Tacito
976 1144 1014 1209 in
1043 1144 1219 1211 Historiis
1248 1148 1285 1210 et
1312 1164 1335 1210 a

147 1263 354 1333 Plutarcho
398 1261 605 1328 adhibitum
649 1281 731 1329 esse
746 1255 789 1348 2);
832 1264 933 1348 quod
963 1263 1022 1329 vel
1052 1265 1152 1349 apud
1181 1263 1335 1331 Lezium

148 1387 188 1452 in
217 1382 391 1450 confesso
420 1386 476 1448 est
503 1400 539 1465 p.
573 1381 621 1448 19
650 1401 730 1467 sqq.
772 1383 832 1449 Ex
860 1382 991 1450 eodem
1011 1383 1114 1450 fonte
1133 1383 1224 1469 quin
1247 1382 1335 1451 Sue·

149 1505 275 1572 tonius
317 1508 354 1569 et
395 1501 466 1568 Dio
508 1499 661 1569 Cassius
703 1521 771 1568 sua
812 1503 1018 1582 hauserint,
1047 1521 1157 1570 nemo
1186 1509 1242 1571 est
1269 1505 1335 1590 qui

149 1624 314 1704 dubitet;
358 1622 509 1690 aliunde
547 1621 713 1707 pendere
743 1623 908 1689 Annales
937 1623 1053 1690 Taciti
1089 1624 1170 1690 luce
1198 1624 1336 1691 clarius

151 1735 263 1828 esti).
316 1741 393 1809 Nec
425 1742 547 1809 minus
582 1744 751 1827 apertum
781 1745 940 1809 estnon
970 1743 1017 1808 ad
1046 1743 1205 1810 verbum
1234 1745 1336 1811 Taci-

152 1869 235 1930 tum
262 1862 299 1928 in
326 1861 502 1929 Historiis
530 1861 670 1928 fontem
699 1881 807 1928 suum
836 1862 1092 1947 exscripsisse.

259 1981 349 2048 Acta
380 1980 539 2049 Othonis
567 1980 645 2047 vita
674 1982 776 2067 quod
795 1981 833 2047 in
853 1983 983 2049 eodem
1013 1987 1190 2050 contextu
1211 2002 1232 2049 a
1251 1982 1337 2049 Plu·

156 2101 285 2170 taroho
326 2105 362 2168 et
402 2102 439 2167 in
482 2100 658 2167 Historiis
694 2101 871 2168 aTacito
899 2104 1112 2188 exponitur,
1143 2103 1230 2170 inde
1258 2122 1334 2169 non

150 2227 208 2292 est
242 2221 381 2288 Baiero
411 2225 560 2287 auctore
588 2240 624 2306 p.
670 2222 715 2287 17
751 2222 1047 2289 concludendum
1083 2222 1243 2290 eundem
1277 2242 1335 2288 or-

149 2343 278 2411 dinem
330 2340 445 2407 iuisse
490 2340 606 2407 soritis
648 2342 865 2409 communis.
929 2341 1101 2428 Namque
1144 2343 1334 2410 annalium

152 2481 256 2528 more
283 2461 322 2527 in
352 2480 491 2527 annum
510 2459 559 2527 58
580 2461 651 2527 hoc
677 2462 865 2528 rettulisse
894 2469 1083 2530 auctorem
1103 2481 1334 2529 communem

157 2600 178 2647 e
204 2581 480 2666 comparatione
509 2580 640 2646 Dionis
661 2579 832 2649 eflicitur.
874 2579 935 2648 Sic
955 2582 1066 2647 etiam
1085 2580 1215 2661 Fabia,
1235 2582 1334 2649 l'Ad.

152 2719 189 2787 p.
223 2700 270 2768 16
299 2701 384 2768 adn.
412 2701 451 2780 4;
490 2699 617 2786 Groag
644 2719 680 2785 p.
711 2701 785 2766 774
815 2700 900 2766 adn.
932 2702 966 2766 4.
1023 2700 1106 2767 Non
1136 2705 1193 2767 est
1219 2702 1337 2788 igitur

150 2821 390 2908 cognationis
417 2820 533 2886 index
559 2820 653 2886 haec
670 2820 860 2887 Plutarchi
881 2839 964 2887 cum
983 2821 1337 2908 Tacito'congruen-

259 3172 284 3250 ¹)
306 3173 351 3233 De
385 3174 494 3250 quibus
525 3173 577 3232 cir.
604 3173 700 3247 Fabia,
723 3173 849 3233 Souroes
872 3193 901 3250 p.
927 3177 964 3233 11
996 3191 1071 3251 sqq,
1099 3176 1160 3234 390
1187 3177 1337 3251 sq.,133;

157 3275 320 3335 l’Adultere
351 3276 388 3335 de
419 3276 521 3335 Neron
555 3282 585 3334 et
607 3276 645 3335 de
667 3276 795 3352 Poppae,
819 3276 922 3336 Revue
945 3277 982 3335 de
1004 3277 1173 3353 philologia
1195 3296 1221 3337 a.
1246 3279 1338 3352 1896,

154 3396 184 3455 p.
209 3380 247 3437 12
273 3396 352 3454 sqq.;
387 3378 552 3437 Mommsen
575 3398 604 3455 p.
629 3380 689 3438 323
713 3379 780 3437 adn.
806 3382 833 3438 5.

259 3515 282 3590 ²)
306 3514 365 3575 Cir.
388 3516 476 3574 Fabia
498 3535 526 3593 p.
552 3517 604 3575 13:
639 3515 699 3574 »En
735 3533 856 3589 somme,
890 3516 965 3574 (lans
999 3523 1066 3575 tout
1092 3535 1126 3576 ce
1152 3534 1287 3592 passage,
1310 3517 1338 3575 la

152 3619 225 3696 plus
259 3619 371 3694 grande
404 3619 574 3703 abondence
605 3619 642 3677 de
668 3617 701 3676 P.
724 3618 880 3677 demontre
903 3615 975 3695 qu’il
999 3618 1049 3677 n’a
1070 3637 1124 3695 pas
1147 3637 1184 3678 eu
1207 3618 1239 3677 T.
1262 3638 1340 3696 pour

154 3739 272 3786 source,
294 3723 370 3780 mais
392 3721 522 3780 certains
544 3730 623 3779 mots
647 3720 684 3779 de
708 3718 748 3792 T„
765 3720 861 3796 pleins
885 3721 922 3780 de
938 3723 1183 3795 sous-entendus,
1198 3739 1276 3780 nous
1292 3725 1338 3780 re-

154 3824 257 3883 velent
291 3818 361 3899 qu'il
393 3822 553 3898 n’ignorait
581 3841 680 3882 aucun
713 3823 766 3881 des
800 3823 907 3882 details
931 3824 1006 3883 omis
1030 3843 1082 3900 par
1104 3824 1146 3882 lui
1169 3831 1200 3884 et
1222 3825 1338 3883 donnes

154 3945 210 4004 par
232 3925 281 4000 P.;
304 3925 491 3985 c'est-a-dire
514 3922 588 4002 qu’il
610 3945 632 4001 y
653 3945 670 3983 a
693 3928 903 3985 communaute
927 3926 964 3985 de
987 3944 1114 3986 source.»

262 4060 285 4131 ³)
308 4061 443 4137 Gerclio,
465 4064 515 4139 qui
539 4063 654 4122 multus
676 4069 724 4122 est
746 4062 777 4120 in
801 4064 969 4123 narratione
992 4063 1151 4122 Annalium
1174 4064 1336 4122 abeodem

155 4166 207 4225 illo
231 4172 351 4225 auctore
374 4166 542 4242 repetenda,
565 4165 655 4224 miror
676 4166 732 4224 hoc
755 4183 815 4223 non
834 4185 976 4243 apparere
991 4166 1062 4242 (vid.
1079 4165 1339 4239 Seneca-Studien,

156 4268 347 4328 lleckeisens
369 4268 558 4340 Jahrbilcher,
580 4287 605 4327 a.
630 4270 721 4341 1896,
743 4286 773 4344 p.
797 4270 856 4328 231
882 4271 968 4346 sqq).
