<?xml version="1.0" encoding="UTF-8"?>
<!DOCTYPE html PUBLIC "-//W3C//DTD XHTML 1.0 Transitional//EN"
    "http://www.w3.org/TR/xhtml1/DTD/xhtml1-transitional.dtd">
<html xmlns="http://www.w3.org/1999/xhtml" xml:lang="en" lang="en">
 <head>
  <title>
</title>
<meta http-equiv="Content-Type" content="text/html;charset=utf-8" />
  <meta name='ocr-system' content='tesseract 3.04.00' />
  <meta name='ocr-capabilities' content='ocr_page ocr_carea ocr_par ocr_line ocrx_word'/>
</head>
<body>
  <div class='ocr_page' id='page_1' title='image "./deplutarchoetta00boregoog_0028.png"; bbox 0 0 2978 4800; ppageno 0'>
   <div class='ocr_carea' id='block_1_1' title="bbox 1190 251 1253 296">
    <p class='ocr_par' dir='ltr' id='par_1_1' title="bbox 1190 251 1253 296">
     <span class='ocr_line' id='line_1_1' title="bbox 1190 251 1253 296; baseline 0 0"><span class='ocrx_word' id='word_1_1' title='bbox 1190 251 1253 296; x_wconf 87' lang='lat' dir='ltr'>XIX</span> 
     </span>
    </p>
   </div>
   <div class='ocr_carea' id='block_1_2' title="bbox 114 426 1299 2068">
    <p class='ocr_par' dir='ltr' id='par_1_2' title="bbox 114 426 1298 990">
     <span class='ocr_line' id='line_1_2' title="bbox 118 426 1297 511; baseline 0.002 -20"><span class='ocrx_word' id='word_1_2' title='bbox 118 426 306 493; x_wconf 88' lang='lat' dir='ltr'>industria</span> <span class='ocrx_word' id='word_1_3' title='bbox 333 426 499 492; x_wconf 90' lang='lat' dir='ltr'>Tacitum</span> <span class='ocrx_word' id='word_1_4' title='bbox 520 427 719 511; x_wconf 89' lang='lat' dir='ltr'>quicquam</span> <span class='ocrx_word' id='word_1_5' title='bbox 741 447 762 492; x_wconf 93' lang='lat' dir='ltr'>a</span> <span class='ocrx_word' id='word_1_6' title='bbox 782 427 1039 511; x_wconf 89' lang='lat' dir='ltr'>superioribus</span> <span class='ocrx_word' id='word_1_7' title='bbox 1059 428 1297 494; x_wconf 81' lang='lat' dir='ltr'>transtulisse</span> 
     </span>
     <span class='ocr_line' id='line_1_3' title="bbox 115 546 1295 632; baseline 0.001 -20"><span class='ocrx_word' id='word_1_8' title='bbox 115 547 356 632; x_wconf 86' lang='lat' dir='ltr'>cogitandum</span> <span class='ocrx_word' id='word_1_9' title='bbox 385 550 451 612; x_wconf 89' lang='lat' dir='ltr'>est.</span> <span class='ocrx_word' id='word_1_10' title='bbox 484 546 559 613; x_wconf 88' lang='lat' dir='ltr'>Sed</span> <span class='ocrx_word' id='word_1_11' title='bbox 587 566 669 614; x_wconf 91' lang='lat' dir='ltr'>cum</span> <span class='ocrx_word' id='word_1_12' title='bbox 697 549 847 631; x_wconf 90' lang='lat' dir='ltr'>recepto</span> <span class='ocrx_word' id='word_1_13' title='bbox 875 565 978 612; x_wconf 91' lang='lat' dir='ltr'>more</span> <span class='ocrx_word' id='word_1_14' title='bbox 999 566 1020 612; x_wconf 91' lang='lat' dir='ltr'>a</span> <span class='ocrx_word' id='word_1_15' title='bbox 1039 548 1200 631; x_wconf 90' lang='lat' dir='ltr'>pueritia</span> <span class='ocrx_word' id='word_1_16' title='bbox 1221 567 1295 613; x_wconf 90' lang='lat' dir='ltr'>ma·</span> 
     </span>
     <span class='ocr_line' id='line_1_4' title="bbox 115 665 1298 752; baseline 0.003 -21"><span class='ocrx_word' id='word_1_17' title='bbox 115 684 276 751; x_wconf 85' lang='lat' dir='ltr'>gnorum</span> <span class='ocrx_word' id='word_1_18' title='bbox 304 667 540 752; x_wconf 84' lang='lat' dir='ltr'>ingeniorum</span> <span class='ocrx_word' id='word_1_19' title='bbox 568 670 808 732; x_wconf 90' lang='lat' dir='ltr'>monumenta</span> <span class='ocrx_word' id='word_1_20' title='bbox 830 665 1054 733; x_wconf 90' lang='lat' dir='ltr'>adverbum</span> <span class='ocrx_word' id='word_1_21' title='bbox 1075 667 1298 746; x_wconf 82' lang='lat' dir='ltr'>edidicisset,</span> 
     </span>
     <span class='ocr_line' id='line_1_5' title="bbox 114 785 1297 870; baseline 0.002 -20"><span class='ocrx_word' id='word_1_22' title='bbox 114 785 198 851; x_wconf 86' lang='lat' dir='ltr'>fieri</span> <span class='ocrx_word' id='word_1_23' title='bbox 227 804 303 851; x_wconf 92' lang='lat' dir='ltr'>non</span> <span class='ocrx_word' id='word_1_24' title='bbox 331 786 464 870; x_wconf 87' lang='lat' dir='ltr'>potuit,</span> <span class='ocrx_word' id='word_1_25' title='bbox 494 790 637 852; x_wconf 91' lang='lat' dir='ltr'>utnon</span> <span class='ocrx_word' id='word_1_26' title='bbox 666 786 890 870; x_wconf 81' lang='lat' dir='ltr'>aliquotiens</span> <span class='ocrx_word' id='word_1_27' title='bbox 915 786 953 851; x_wconf 92' lang='lat' dir='ltr'>in</span> <span class='ocrx_word' id='word_1_28' title='bbox 973 787 1217 853; x_wconf 91' lang='lat' dir='ltr'>imitationem</span> <span class='ocrx_word' id='word_1_29' title='bbox 1237 787 1297 853; x_wconf 92' lang='lat' dir='ltr'>vel</span> 
     </span>
     <span class='ocr_line' id='line_1_6' title="bbox 114 893 1297 990; baseline 0 -19"><span class='ocrx_word' id='word_1_30' title='bbox 114 905 373 990; x_wconf 79' lang='lat' dir='ltr'>repetitionem</span> <span class='ocrx_word' id='word_1_31' title='bbox 403 905 583 972; x_wconf 75' lang='lat' dir='ltr'>incideret</span> <span class='ocrx_word' id='word_1_32' title='bbox 609 905 828 990; x_wconf 81' lang='lat' dir='ltr'>imprudens</span> <span class='ocrx_word' id='word_1_33' title='bbox 850 899 884 986; x_wconf 81' lang='lat'>1).</span> <span class='ocrx_word' id='word_1_34' title='bbox 1294 893 1297 899; x_wconf 67' lang='grc'><strong>’</strong></span> 
     </span>
    </p>

    <p class='ocr_par' dir='ltr' id='par_1_3' title="bbox 114 1004 1299 2068">
     <span class='ocr_line' id='line_1_7' title="bbox 219 1004 1297 1112; baseline 0.003 -22"><span class='ocrx_word' id='word_1_35' title='bbox 219 1024 350 1109; x_wconf 87' lang='lat' dir='ltr'>Neque</span> <span class='ocrx_word' id='word_1_36' title='bbox 384 1025 476 1090; x_wconf 91' lang='lat' dir='ltr'>illud</span> <span class='ocrx_word' id='word_1_37' title='bbox 503 1025 643 1091; x_wconf 82' lang='lat' dir='ltr'>Fabiae</span> <span class='ocrx_word' id='word_1_38' title='bbox 656 1018 688 1112; x_wconf 65' lang='lat'>2)</span> <span class='ocrx_word' id='word_1_39' title='bbox 717 1026 931 1109; x_wconf 86' lang='lat' dir='ltr'>opinionem</span> <span class='ocrx_word' id='word_1_40' title='bbox 966 1004 1164 1110; x_wconf 88' lang='lat' dir='ltr'>quicquam</span> <span class='ocrx_word' id='word_1_41' title='bbox 1196 1027 1297 1093; x_wconf 87' lang='lat' dir='ltr'>adiu·</span> 
     </span>
     <span class='ocr_line' id='line_1_8' title="bbox 116 1145 1297 1233; baseline 0.002 -23"><span class='ocrx_word' id='word_1_42' title='bbox 116 1149 192 1223; x_wconf 88' lang='lat' dir='ltr'>vat,</span> <span class='ocrx_word' id='word_1_43' title='bbox 223 1145 323 1228; x_wconf 90' lang='lat' dir='ltr'>quod</span> <span class='ocrx_word' id='word_1_44' title='bbox 352 1164 536 1230; x_wconf 86' lang='lat' dir='ltr'>persaepe</span> <span class='ocrx_word' id='word_1_45' title='bbox 564 1145 714 1233; x_wconf 88' lang='lat' dir='ltr'>easdem</span> <span class='ocrx_word' id='word_1_46' title='bbox 744 1146 912 1212; x_wconf 88' lang='lat' dir='ltr'>aTacito</span> <span class='ocrx_word' id='word_1_47' title='bbox 937 1147 1116 1231; x_wconf 85' lang='lat' dir='ltr'>argutius,</span> <span class='ocrx_word' id='word_1_48' title='bbox 1134 1147 1297 1231; x_wconf 92' lang='lat' dir='ltr'>ineptius</span> 
     </span>
     <span class='ocr_line' id='line_1_9' title="bbox 116 1265 1298 1350; baseline 0.002 -20"><span class='ocrx_word' id='word_1_49' title='bbox 116 1265 366 1330; x_wconf 90' lang='lat' dir='ltr'>aPlutarcho</span> <span class='ocrx_word' id='word_1_50' title='bbox 396 1265 513 1331; x_wconf 88' lang='lat' dir='ltr'>dictas</span> <span class='ocrx_word' id='word_1_51' title='bbox 546 1265 755 1350; x_wconf 91' lang='lat' dir='ltr'>reperimus</span> <span class='ocrx_word' id='word_1_52' title='bbox 801 1266 1017 1331; x_wconf 89' lang='lat' dir='ltr'>sententias.</span> <span class='ocrx_word' id='word_1_53' title='bbox 1074 1267 1223 1332; x_wconf 87' lang='lat' dir='ltr'>Etenim</span> <span class='ocrx_word' id='word_1_54' title='bbox 1268 1268 1298 1332; x_wconf 91' lang='lat' dir='ltr'>si</span> 
     </span>
     <span class='ocr_line' id='line_1_10' title="bbox 114 1385 1297 1469; baseline 0.002 -19"><span class='ocrx_word' id='word_1_55' title='bbox 114 1385 200 1469; x_wconf 91' lang='lat' dir='ltr'>quis</span> <span class='ocrx_word' id='word_1_56' title='bbox 237 1385 403 1450; x_wconf 86' lang='lat' dir='ltr'>Tacitum</span> <span class='ocrx_word' id='word_1_57' title='bbox 439 1404 514 1450; x_wconf 92' lang='lat' dir='ltr'>non</span> <span class='ocrx_word' id='word_1_58' title='bbox 553 1385 756 1450; x_wconf 89' lang='lat' dir='ltr'>arbitratur</span> <span class='ocrx_word' id='word_1_59' title='bbox 791 1385 862 1450; x_wconf 92' lang='lat' dir='ltr'>nisi</span> <span class='ocrx_word' id='word_1_60' title='bbox 897 1386 1057 1451; x_wconf 89' lang='lat' dir='ltr'>auctoris</span> <span class='ocrx_word' id='word_1_61' title='bbox 1092 1387 1297 1452; x_wconf 90' lang='lat' dir='ltr'>communis</span> 
     </span>
     <span class='ocr_line' id='line_1_11' title="bbox 114 1505 1297 1589; baseline 0.002 -19"><span class='ocrx_word' id='word_1_62' title='bbox 114 1505 269 1570; x_wconf 78' lang='lat' dir='ltr'>facetias</span> <span class='ocrx_word' id='word_1_63' title='bbox 297 1505 505 1589; x_wconf 90' lang='lat' dir='ltr'>perpolisse</span> <span class='ocrx_word' id='word_1_64' title='bbox 534 1505 614 1571; x_wconf 93' lang='lat' dir='ltr'>sive</span> <span class='ocrx_word' id='word_1_65' title='bbox 641 1509 683 1570; x_wconf 90' lang='lat' dir='ltr'>ut</span> <span class='ocrx_word' id='word_1_66' title='bbox 709 1506 761 1571; x_wconf 89' lang='lat' dir='ltr'>ita</span> <span class='ocrx_word' id='word_1_67' title='bbox 788 1505 908 1571; x_wconf 91' lang='lat' dir='ltr'>dicam</span> <span class='ocrx_word' id='word_1_68' title='bbox 931 1506 1135 1585; x_wconf 79' lang='lat' dir='ltr'>exacuisse,</span> <span class='ocrx_word' id='word_1_69' title='bbox 1157 1525 1297 1572; x_wconf 89' lang='lat' dir='ltr'>novum</span> 
     </span>
     <span class='ocr_line' id='line_1_12' title="bbox 115 1624 1298 1713; baseline 0.002 -23"><span class='ocrx_word' id='word_1_70' title='bbox 115 1624 306 1709; x_wconf 86' lang='lat' dir='ltr'>quoddam</span> <span class='ocrx_word' id='word_1_71' title='bbox 336 1628 371 1691; x_wconf 91' lang='lat' dir='ltr'>et</span> <span class='ocrx_word' id='word_1_72' title='bbox 405 1626 451 1691; x_wconf 87' lang='lat' dir='ltr'>de</span> <span class='ocrx_word' id='word_1_73' title='bbox 489 1625 672 1695; x_wconf 90' lang='lat' dir='ltr'>historicis</span> <span class='ocrx_word' id='word_1_74' title='bbox 710 1625 919 1690; x_wconf 88' lang='lat' dir='ltr'>inauditum</span> <span class='ocrx_word' id='word_1_75' title='bbox 950 1625 1137 1692; x_wconf 91' lang='lat' dir='ltr'>scribendi</span> <span class='ocrx_word' id='word_1_76' title='bbox 1177 1646 1298 1713; x_wconf 85' lang='lat' dir='ltr'>genus</span> 
     </span>
     <span class='ocr_line' id='line_1_13' title="bbox 115 1744 1298 1830; baseline 0.001 -20"><span class='ocrx_word' id='word_1_77' title='bbox 115 1744 267 1810; x_wconf 90' lang='lat' dir='ltr'>inducit.</span> <span class='ocrx_word' id='word_1_78' title='bbox 310 1744 386 1811; x_wconf 90' lang='lat' dir='ltr'>Nec</span> <span class='ocrx_word' id='word_1_79' title='bbox 414 1746 461 1811; x_wconf 91' lang='lat' dir='ltr'>ad</span> <span class='ocrx_word' id='word_1_80' title='bbox 489 1745 681 1830; x_wconf 90' lang='lat' dir='ltr'>propriam</span> <span class='ocrx_word' id='word_1_81' title='bbox 701 1744 945 1811; x_wconf 87' lang='lat' dir='ltr'>elocutionem</span> <span class='ocrx_word' id='word_1_82' title='bbox 966 1745 1201 1812; x_wconf 80' lang='lat' dir='ltr'>efficiendam</span> <span class='ocrx_word' id='word_1_83' title='bbox 1222 1745 1298 1812; x_wconf 91' lang='lat' dir='ltr'>ullo</span> 
     </span>
     <span class='ocr_line' id='line_1_14' title="bbox 117 1864 1298 1949; baseline 0.001 -19"><span class='ocrx_word' id='word_1_84' title='bbox 117 1868 225 1948; x_wconf 90' lang='lat' dir='ltr'>pacto</span> <span class='ocrx_word' id='word_1_85' title='bbox 265 1865 356 1931; x_wconf 89' lang='lat' dir='ltr'>satis</span> <span class='ocrx_word' id='word_1_86' title='bbox 398 1870 455 1930; x_wconf 90' lang='lat' dir='ltr'>est</span> <span class='ocrx_word' id='word_1_87' title='bbox 497 1864 627 1930; x_wconf 88' lang='lat' dir='ltr'>alienis</span> <span class='ocrx_word' id='word_1_88' title='bbox 667 1864 859 1949; x_wconf 90' lang='lat' dir='ltr'>leporibus</span> <span class='ocrx_word' id='word_1_89' title='bbox 897 1865 985 1930; x_wconf 92' lang='lat' dir='ltr'>salis</span> <span class='ocrx_word' id='word_1_90' title='bbox 1025 1864 1298 1949; x_wconf 89' lang='lat' dir='ltr'>aliquantulum</span> 
     </span>
     <span class='ocr_line' id='line_1_15' title="bbox 118 1976 1299 2068; baseline 0.001 -18"><span class='ocrx_word' id='word_1_91' title='bbox 118 1985 324 2068; x_wconf 88' lang='lat' dir='ltr'>aspersisse</span> <span class='ocrx_word' id='word_1_92' title='bbox 343 1976 383 2060; x_wconf 74' lang='lat'>3).</span> <span class='ocrx_word' id='word_1_93' title='bbox 440 1985 499 2051; x_wconf 85' lang='lat' dir='ltr'>An</span> <span class='ocrx_word' id='word_1_94' title='bbox 527 1990 568 2050; x_wconf 90' lang='lat' dir='ltr'>ut</span> <span class='ocrx_word' id='word_1_95' title='bbox 596 1983 756 2050; x_wconf 83' lang='lat' dir='ltr'>Arellius</span> <span class='ocrx_word' id='word_1_96' title='bbox 785 1984 928 2050; x_wconf 89' lang='lat' dir='ltr'>Fuscus</span> <span class='ocrx_word' id='word_1_97' title='bbox 955 1985 1094 2062; x_wconf 85' lang='lat' dir='ltr'>rhetor,</span> <span class='ocrx_word' id='word_1_98' title='bbox 1121 1986 1172 2050; x_wconf 94' lang='lat' dir='ltr'>sic</span> <span class='ocrx_word' id='word_1_99' title='bbox 1198 1985 1299 2051; x_wconf 91' lang='lat' dir='ltr'>Taci-</span> 
     </span>
    </p>
   </div>
   <div class='ocr_carea' id='block_1_3' title="bbox 113 2167 1300 4088">
    <p class='ocr_par' dir='ltr' id='par_1_4' title="bbox 113 2167 1300 2943">
     <span class='ocr_line' id='line_1_16' title="bbox 116 2167 1297 2245; baseline 0.001 -19"><span class='ocrx_word' id='word_1_100' title='bbox 116 2167 251 2238; x_wconf 86' lang='lat' dir='ltr'>Studien‚</span> <span class='ocrx_word' id='word_1_101' title='bbox 275 2187 301 2226; x_wconf 88' lang='lat' dir='ltr'>a.</span> <span class='ocrx_word' id='word_1_102' title='bbox 328 2169 417 2236; x_wconf 78' lang='lat'>1897,</span> <span class='ocrx_word' id='word_1_103' title='bbox 442 2186 469 2244; x_wconf 90' lang='lat' dir='ltr'>p.</span> <span class='ocrx_word' id='word_1_104' title='bbox 496 2170 556 2227; x_wconf 86' lang='lat'>159</span> <span class='ocrx_word' id='word_1_105' title='bbox 579 2171 644 2245; x_wconf 78' lang='lat' dir='ltr'>sq),</span> <span class='ocrx_word' id='word_1_106' title='bbox 668 2168 778 2226; x_wconf 87' lang='lat' dir='ltr'>Lucani</span> <span class='ocrx_word' id='word_1_107' title='bbox 803 2169 866 2245; x_wconf 81' lang='lat' dir='ltr'>(cir.</span> <span class='ocrx_word' id='word_1_108' title='bbox 890 2167 994 2226; x_wconf 90' lang='lat' dir='ltr'>lustus</span> <span class='ocrx_word' id='word_1_109' title='bbox 1019 2167 1139 2243; x_wconf 88' lang='lat' dir='ltr'>Lipsius</span> <span class='ocrx_word' id='word_1_110' title='bbox 1160 2169 1197 2226; x_wconf 89' lang='lat' dir='ltr'>ad</span> <span class='ocrx_word' id='word_1_111' title='bbox 1220 2169 1297 2227; x_wconf 90' lang='lat' dir='ltr'>Hist.</span> 
     </span>
     <span class='ocr_line' id='line_1_17' title="bbox 116 2270 1298 2347; baseline 0.001 -20"><span class='ocrx_word' id='word_1_112' title='bbox 116 2270 130 2328; x_wconf 94' lang='lat' dir='ltr'>I</span> <span class='ocrx_word' id='word_1_113' title='bbox 154 2273 173 2327; x_wconf 85' lang='lat'><strong>3</strong></span> <span class='ocrx_word' id='word_1_114' title='bbox 196 2270 292 2347; x_wconf 75' lang='lat' dir='ltr'>extr),</span> <span class='ocrx_word' id='word_1_115' title='bbox 316 2271 464 2329; x_wconf 82' lang='lat' dir='ltr'>Ciceronis</span> <span class='ocrx_word' id='word_1_116' title='bbox 489 2271 550 2346; x_wconf 86' lang='lat' dir='ltr'>(cir.</span> <span class='ocrx_word' id='word_1_117' title='bbox 563 2291 591 2346; x_wconf 92' lang='lat' dir='ltr'>p.</span> <span class='ocrx_word' id='word_1_118' title='bbox 617 2271 676 2347; x_wconf 75' lang='grc'>73),</span> <span class='ocrx_word' id='word_1_119' title='bbox 699 2271 833 2330; x_wconf 88' lang='lat' dir='ltr'>aliorum.</span> <span class='ocrx_word' id='word_1_120' title='bbox 869 2270 951 2329; x_wconf 84' lang='lat' dir='ltr'>Scias</span> <span class='ocrx_word' id='word_1_121' title='bbox 975 2271 1059 2328; x_wconf 90' lang='lat' dir='ltr'>illum</span> <span class='ocrx_word' id='word_1_122' title='bbox 1077 2271 1189 2330; x_wconf 89' lang='lat' dir='ltr'>nonde</span> <span class='ocrx_word' id='word_1_123' title='bbox 1206 2272 1298 2329; x_wconf 88' lang='lat' dir='ltr'>unius</span> 
     </span>
     <span class='ocr_line' id='line_1_18' title="bbox 115 2373 1300 2432; baseline 0.002 -2"><span class='ocrx_word' id='word_1_124' title='bbox 115 2374 241 2432; x_wconf 88' lang='lat' dir='ltr'>racemis</span> <span class='ocrx_word' id='word_1_125' title='bbox 277 2374 456 2431; x_wconf 86' lang='lat' dir='ltr'>vindemiam</span> <span class='ocrx_word' id='word_1_126' title='bbox 490 2374 545 2432; x_wconf 92' lang='lat' dir='ltr'>sibi</span> <span class='ocrx_word' id='word_1_127' title='bbox 580 2374 694 2431; x_wconf 85' lang='lat' dir='ltr'>fecisse.</span> <span class='ocrx_word' id='word_1_128' title='bbox 726 2408 768 2414; x_wconf 87' lang='lat'>—-</span> <span class='ocrx_word' id='word_1_129' title='bbox 801 2373 935 2432; x_wconf 86' lang='lat' dir='ltr'>Ciceroni</span> <span class='ocrx_word' id='word_1_130' title='bbox 969 2373 1061 2431; x_wconf 90' lang='lat' dir='ltr'>multa</span> <span class='ocrx_word' id='word_1_131' title='bbox 1093 2373 1200 2432; x_wconf 85' lang='lat' dir='ltr'>similia.</span> <span class='ocrx_word' id='word_1_132' title='bbox 1226 2379 1300 2432; x_wconf 88' lang='lat' dir='ltr'>sunt</span> 
     </span>
     <span class='ocr_line' id='line_1_19' title="bbox 113 2473 1298 2552; baseline 0.001 -19"><span class='ocrx_word' id='word_1_133' title='bbox 113 2476 194 2550; x_wconf 86' lang='lat' dir='ltr'>apud</span> <span class='ocrx_word' id='word_1_134' title='bbox 217 2475 361 2549; x_wconf 66' lang='lat' dir='ltr'>Tacitum,</span> <span class='ocrx_word' id='word_1_135' title='bbox 377 2473 481 2552; x_wconf 63' lang='lat' dir='ltr'>&#39;neque</span> <span class='ocrx_word' id='word_1_136' title='bbox 509 2482 625 2534; x_wconf 89' lang='lat' dir='ltr'>tantum</span> <span class='ocrx_word' id='word_1_137' title='bbox 652 2476 682 2533; x_wconf 89' lang='lat' dir='ltr'>in</span> <span class='ocrx_word' id='word_1_138' title='bbox 711 2476 848 2550; x_wconf 78' lang='lat' dir='ltr'>Dialogoz</span> <span class='ocrx_word' id='word_1_139' title='bbox 873 2476 957 2533; x_wconf 90' lang='lat' dir='ltr'>velut</span> <span class='ocrx_word' id='word_1_140' title='bbox 980 2476 1119 2534; x_wconf 88' lang='lat' dir='ltr'>adnotavi</span> <span class='ocrx_word' id='word_1_141' title='bbox 1144 2476 1220 2535; x_wconf 87' lang='lat' dir='ltr'>Hist.</span> <span class='ocrx_word' id='word_1_142' title='bbox 1242 2476 1298 2534; x_wconf 89' lang='grc' dir='ltr'>Ι2</span> 
     </span>
     <span class='ocr_line' id='line_1_20' title="bbox 114 2577 1300 2652; baseline 0.002 -18"><span class='ocrx_word' id='word_1_143' title='bbox 114 2577 222 2652; x_wconf 82' lang='lat' dir='ltr'>quibus</span> <span class='ocrx_word' id='word_1_144' title='bbox 252 2577 345 2636; x_wconf 83' lang='lat' dir='ltr'>deerat</span> <span class='ocrx_word' id='word_1_145' title='bbox 371 2578 521 2648; x_wconf 76' lang='lat' dir='ltr'>inimicos,</span> <span class='ocrx_word' id='word_1_146' title='bbox 539 2597 595 2652; x_wconf 85' lang='lat' dir='ltr'>per</span> <span class='ocrx_word' id='word_1_147' title='bbox 616 2577 725 2634; x_wconf 80' lang='lat' dir='ltr'>amicos</span> <span class='ocrx_word' id='word_1_148' title='bbox 746 2578 884 2652; x_wconf 73' lang='lat' dir='ltr'>oppressi,</span> <span class='ocrx_word' id='word_1_149' title='bbox 909 2578 966 2636; x_wconf 88' lang='lat' dir='ltr'>Cic.</span> <span class='ocrx_word' id='word_1_150' title='bbox 990 2579 1069 2636; x_wconf 84' lang='lat' dir='ltr'>Fam.</span> <span class='ocrx_word' id='word_1_151' title='bbox 1093 2578 1135 2636; x_wconf 86' lang='lat' dir='ltr'>lV</span> <span class='ocrx_word' id='word_1_152' title='bbox 1160 2580 1228 2651; x_wconf 82' lang='grc'>12,2</span> <span class='ocrx_word' id='word_1_153' title='bbox 1252 2579 1300 2636; x_wconf 81' lang='lat' dir='ltr'>cai</span> 
     </span>
     <span class='ocr_line' id='line_1_21' title="bbox 115 2679 1300 2756; baseline 0.002 -20"><span class='ocrx_word' id='word_1_154' title='bbox 115 2679 233 2737; x_wconf 80' lang='lat' dir='ltr'>inimici</span> <span class='ocrx_word' id='word_1_155' title='bbox 256 2685 376 2755; x_wconf 84' lang='lat' dir='ltr'>propter</span> <span class='ocrx_word' id='word_1_156' title='bbox 402 2681 570 2756; x_wconf 80' lang='lat' dir='ltr'>dipnitntcm</span> <span class='ocrx_word' id='word_1_157' title='bbox 588 2685 778 2756; x_wconf 79' lang='lat' dir='ltr'>pepercerant,</span> <span class='ocrx_word' id='word_1_158' title='bbox 810 2679 946 2736; x_wconf 80' lang='lat' dir='ltr'>inventus</span> <span class='ocrx_word' id='word_1_159' title='bbox 978 2686 1018 2737; x_wconf 80' lang='lat' dir='ltr'>cst</span> <span class='ocrx_word' id='word_1_160' title='bbox 1051 2681 1171 2753; x_wconf 79' lang='lat' dir='ltr'>airricus,</span> <span class='ocrx_word' id='word_1_161' title='bbox 1194 2681 1246 2754; x_wconf 81' lang='lat' dir='ltr'>qui</span> <span class='ocrx_word' id='word_1_162' title='bbox 1274 2681 1300 2738; x_wconf 83' lang='lat' dir='ltr'>ei</span> 
     </span>
     <span class='ocr_line' id='line_1_22' title="bbox 114 2781 1298 2859; baseline 0.004 -21"><span class='ocrx_word' id='word_1_163' title='bbox 114 2787 237 2840; x_wconf 74' lang='lat' dir='ltr'>accitani</span> <span class='ocrx_word' id='word_1_164' title='bbox 270 2784 392 2859; x_wconf 51' lang='lat' dir='ltr'>offerrem</span> <span class='ocrx_word' id='word_1_165' title='bbox 428 2817 469 2824; x_wconf 46' lang='grc' dir='ltr'>-ψ</span> <span class='ocrx_word' id='word_1_166' title='bbox 501 2783 579 2841; x_wconf 90' lang='lat' dir='ltr'>Hist.</span> <span class='ocrx_word' id='word_1_167' title='bbox 611 2782 655 2840; x_wconf 92' lang='lat' dir='ltr'>lV</span> <span class='ocrx_word' id='word_1_168' title='bbox 689 2784 728 2842; x_wconf 84' lang='lat'>50</span> <span class='ocrx_word' id='word_1_169' title='bbox 763 2782 873 2857; x_wconf 79' lang='lat' dir='ltr'>eprepio</span> <span class='ocrx_word' id='word_1_170' title='bbox 906 2781 1062 2857; x_wconf 78' lang='lat' dir='ltr'>mendacio,</span> <span class='ocrx_word' id='word_1_171' title='bbox 1093 2802 1146 2858; x_wconf 88' lang='lat' dir='ltr'>pro</span> <span class='ocrx_word' id='word_1_172' title='bbox 1170 2783 1233 2858; x_wconf 80' lang='lat' dir='ltr'>lig.</span> <span class='ocrx_word' id='word_1_173' title='bbox 1260 2784 1298 2843; x_wconf 78' lang='lat'>10</span> 
     </span>
     <span class='ocr_line' id='line_1_23' title="bbox 115 2885 658 2943; baseline 0.002 -1"><span class='ocrx_word' id='word_1_174' title='bbox 115 2885 232 2943; x_wconf 81' lang='lat' dir='ltr'>honesto</span> <span class='ocrx_word' id='word_1_175' title='bbox 254 2890 279 2943; x_wconf 85' lang='lat' dir='ltr'>et</span> <span class='ocrx_word' id='word_1_176' title='bbox 301 2885 481 2943; x_wconf 81' lang='lat' dir='ltr'>misericordi</span> <span class='ocrx_word' id='word_1_177' title='bbox 502 2885 658 2943; x_wconf 70' lang='lat' dir='ltr'>treudacio.</span> 
     </span>
    </p>

    <p class='ocr_par' dir='ltr' id='par_1_5' title="bbox 114 2985 1300 3985">
     <span class='ocr_line' id='line_1_24' title="bbox 219 2985 1298 3064; baseline 0.001 -20"><span class='ocrx_word' id='word_1_178' title='bbox 219 2985 242 3062; x_wconf 82' lang='grc'>1)</span> <span class='ocrx_word' id='word_1_179' title='bbox 265 2987 397 3046; x_wconf 86' lang='lat' dir='ltr'>Perbene</span> <span class='ocrx_word' id='word_1_180' title='bbox 430 2988 526 3046; x_wconf 86' lang='lat' dir='ltr'>Haase</span> <span class='ocrx_word' id='word_1_181' title='bbox 557 2988 587 3045; x_wconf 85' lang='lat' dir='ltr'>in</span> <span class='ocrx_word' id='word_1_182' title='bbox 615 2989 705 3062; x_wconf 84' lang='lat' dir='ltr'>praef.</span> <span class='ocrx_word' id='word_1_183' title='bbox 734 2987 771 3044; x_wconf 93' lang='lat' dir='ltr'>ad</span> <span class='ocrx_word' id='word_1_184' title='bbox 794 2986 861 3046; x_wconf 84' lang='lat' dir='ltr'>Tac.</span> <span class='ocrx_word' id='word_1_185' title='bbox 885 3006 913 3063; x_wconf 91' lang='lat' dir='ltr'>p.</span> <span class='ocrx_word' id='word_1_186' title='bbox 935 2987 1035 3046; x_wconf 89' lang='lat' dir='ltr'>LXlll</span> <span class='ocrx_word' id='word_1_187' title='bbox 1058 3007 1116 3064; x_wconf 84' lang='lat' dir='ltr'>sq.;</span> <span class='ocrx_word' id='word_1_188' title='bbox 1142 2988 1298 3063; x_wconf 81' lang='lat' dir='ltr'>Woelfflin,</span> 
     </span>
     <span class='ocr_line' id='line_1_25' title="bbox 116 3089 1298 3166; baseline 0.002 -19"><span class='ocrx_word' id='word_1_189' title='bbox 116 3090 170 3147; x_wconf 92' lang='lat' dir='ltr'>Die</span> <span class='ocrx_word' id='word_1_190' title='bbox 194 3089 410 3164; x_wconf 85' lang='lat' dir='ltr'>Nachahmung</span> <span class='ocrx_word' id='word_1_191' title='bbox 441 3091 470 3147; x_wconf 88' lang='lat' dir='ltr'>in</span> <span class='ocrx_word' id='word_1_192' title='bbox 502 3090 555 3148; x_wconf 89' lang='lat' dir='ltr'>der</span> <span class='ocrx_word' id='word_1_193' title='bbox 576 3090 769 3148; x_wconf 88' lang='lat' dir='ltr'>lateinischen</span> <span class='ocrx_word' id='word_1_194' title='bbox 793 3090 894 3152; x_wconf 89' lang='lat' dir='ltr'>Prosa.</span> <span class='ocrx_word' id='word_1_195' title='bbox 916 3091 1005 3149; x_wconf 83' lang='lat' dir='ltr'>Arch.</span> <span class='ocrx_word' id='word_1_196' title='bbox 1027 3090 1087 3149; x_wconf 87' lang='grc' dir='ltr'>ΧΠ</span> <span class='ocrx_word' id='word_1_197' title='bbox 1110 3109 1138 3166; x_wconf 92' lang='lat' dir='ltr'>p.</span> <span class='ocrx_word' id='word_1_198' title='bbox 1164 3093 1233 3149; x_wconf 74' lang='lat'>114.</span> <span class='ocrx_word' id='word_1_199' title='bbox 1259 3126 1298 3133; x_wconf 90' lang='lat'>·—</span> 
     </span>
     <span class='ocr_line' id='line_1_26' title="bbox 115 3190 1298 3268; baseline 0.003 -19"><span class='ocrx_word' id='word_1_200' title='bbox 115 3190 208 3250; x_wconf 85' lang='lat' dir='ltr'>Klebs</span> <span class='ocrx_word' id='word_1_201' title='bbox 233 3210 262 3267; x_wconf 94' lang='lat' dir='ltr'>p.</span> <span class='ocrx_word' id='word_1_202' title='bbox 291 3193 351 3251; x_wconf 80' lang='lat'>307</span> <span class='ocrx_word' id='word_1_203' title='bbox 381 3193 460 3268; x_wconf 89' lang='lat' dir='ltr'>quod</span> <span class='ocrx_word' id='word_1_204' title='bbox 483 3211 551 3250; x_wconf 88' lang='lat' dir='ltr'>cum</span> <span class='ocrx_word' id='word_1_205' title='bbox 574 3192 674 3251; x_wconf 82' lang='lat' dir='ltr'>Tacito</span> <span class='ocrx_word' id='word_1_206' title='bbox 698 3192 713 3250; x_wconf 93' lang='lat' dir='ltr'>I</span> <span class='ocrx_word' id='word_1_207' title='bbox 737 3195 777 3251; x_wconf 74' lang='lat'>74</span> <span class='ocrx_word' id='word_1_208' title='bbox 799 3197 898 3250; x_wconf 76' lang='lat' dir='ltr'>recator·</span> <span class='ocrx_word' id='word_1_209' title='bbox 919 3193 995 3267; x_wconf 76' lang='lat' dir='ltr'>sblso</span> <span class='ocrx_word' id='word_1_210' title='bbox 1018 3193 1081 3268; x_wconf 82' lang='lat' dir='ltr'>(cfr.</span> <span class='ocrx_word' id='word_1_211' title='bbox 1104 3194 1141 3250; x_wconf 89' lang='lat' dir='ltr'>ad</span> <span class='ocrx_word' id='word_1_212' title='bbox 1164 3193 1197 3251; x_wconf 88' lang='lat' dir='ltr'>P.</span> <span class='ocrx_word' id='word_1_213' title='bbox 1223 3191 1255 3252; x_wconf 91' lang='grc' dir='ltr'>Ο.</span> <span class='ocrx_word' id='word_1_214' title='bbox 1279 3196 1298 3252; x_wconf 84' lang='grc'>4</span> 
     </span>
     <span class='ocr_line' id='line_1_27' title="bbox 117 3293 1298 3370; baseline 0.003 -20"><span class='ocrx_word' id='word_1_215' title='bbox 117 3313 145 3353; x_wconf 97' lang='lat' dir='ltr'>v.</span> <span class='ocrx_word' id='word_1_216' title='bbox 172 3295 211 3351; x_wconf 83' lang='lat'>12</span> <span class='ocrx_word' id='word_1_217' title='bbox 241 3293 318 3370; x_wconf 89' lang='lat' dir='ltr'>sqq.)</span> <span class='ocrx_word' id='word_1_218' title='bbox 345 3301 496 3370; x_wconf 89' lang='lat' dir='ltr'>comparat</span> <span class='ocrx_word' id='word_1_219' title='bbox 519 3294 593 3353; x_wconf 88' lang='lat' dir='ltr'>Vell.</span> <span class='ocrx_word' id='word_1_220' title='bbox 617 3295 740 3369; x_wconf 84' lang='lat'>1133‚2</span> <span class='ocrx_word' id='word_1_221' title='bbox 770 3295 887 3369; x_wconf 75' lang='lat' dir='ltr'>mappis</span> <span class='ocrx_word' id='word_1_222' title='bbox 914 3301 1051 3352; x_wconf 81' lang='lat' dir='ltr'>certatura</span> <span class='ocrx_word' id='word_1_223' title='bbox 1078 3295 1153 3352; x_wconf 82' lang='lat' dir='ltr'>inter</span> <span class='ocrx_word' id='word_1_224' title='bbox 1174 3296 1298 3370; x_wconf 81' lang='lat' dir='ltr'>impera·</span> 
     </span>
     <span class='ocr_line' id='line_1_28' title="bbox 115 3396 1300 3473; baseline 0.001 -20"><span class='ocrx_word' id='word_1_225' title='bbox 115 3402 190 3454; x_wconf 81' lang='lat' dir='ltr'>tores</span> <span class='ocrx_word' id='word_1_226' title='bbox 222 3396 337 3472; x_wconf 76' lang='lat' dir='ltr'>iurpiiS,</span> <span class='ocrx_word' id='word_1_227' title='bbox 371 3416 438 3454; x_wconf 81' lang='lat' dir='ltr'>cuni</span> <span class='ocrx_word' id='word_1_228' title='bbox 467 3397 625 3473; x_wconf 81' lang='lat' dir='ltr'>Pompeias</span> <span class='ocrx_word' id='word_1_229' title='bbox 656 3397 776 3455; x_wconf 66' lang='lat' dir='ltr'>Labulle</span> <span class='ocrx_word' id='word_1_230' title='bbox 807 3397 969 3472; x_wconf 78' lang='lat' dir='ltr'>infamiam</span> <span class='ocrx_word' id='word_1_231' title='bbox 994 3398 1140 3472; x_wconf 76' lang='lat' dir='ltr'>pecuniae,</span> <span class='ocrx_word' id='word_1_232' title='bbox 1159 3397 1300 3455; x_wconf 80' lang='lat' dir='ltr'>Lucullus</span> 
     </span>
     <span class='ocr_line' id='line_1_29' title="bbox 116 3498 1300 3576; baseline 0.002 -20"><span class='ocrx_word' id='word_1_233' title='bbox 116 3498 256 3574; x_wconf 82' lang='lat' dir='ltr'>Pompeio</span> <span class='ocrx_word' id='word_1_234' title='bbox 289 3499 506 3558; x_wconf 79' lang='lat' dir='ltr'>interminatam</span> <span class='ocrx_word' id='word_1_235' title='bbox 540 3500 724 3575; x_wconf 79' lang='lat' dir='ltr'>cupiditatem</span> <span class='ocrx_word' id='word_1_236' title='bbox 752 3500 867 3557; x_wconf 82' lang='lat' dir='ltr'>obiceret</span> <span class='ocrx_word' id='word_1_237' title='bbox 888 3500 1006 3576; x_wconf 78' lang='lat' dir='ltr'>imperii</span> <span class='ocrx_word' id='word_1_238' title='bbox 1030 3505 1182 3575; x_wconf 78' lang='lat' dir='ltr'>neuterque</span> <span class='ocrx_word' id='word_1_239' title='bbox 1208 3500 1243 3558; x_wconf 83' lang='lat' dir='ltr'>ab</span> <span class='ocrx_word' id='word_1_240' title='bbox 1269 3519 1300 3558; x_wconf 84' lang='lat' dir='ltr'>eo</span> 
     </span>
     <span class='ocr_line' id='line_1_30' title="bbox 114 3601 1298 3678; baseline 0.001 -19"><span class='ocrx_word' id='word_1_241' title='bbox 114 3620 172 3678; x_wconf 82' lang='lat' dir='ltr'>quo</span> <span class='ocrx_word' id='word_1_242' title='bbox 194 3601 368 3677; x_wconf 80' lang='lat' dir='ltr'>orpuebatnr</span> <span class='ocrx_word' id='word_1_243' title='bbox 389 3602 528 3660; x_wconf 81' lang='lat' dir='ltr'>mentitus</span> <span class='ocrx_word' id='word_1_244' title='bbox 549 3602 635 3678; x_wconf 81' lang='lat' dir='ltr'>crpui</span> <span class='ocrx_word' id='word_1_245' title='bbox 651 3607 757 3677; x_wconf 81' lang='lat' dir='ltr'>posset,</span> <span class='ocrx_word' id='word_1_246' title='bbox 783 3603 839 3660; x_wconf 93' lang='lat' dir='ltr'>hoc</span> <span class='ocrx_word' id='word_1_247' title='bbox 863 3621 921 3660; x_wconf 90' lang='lat' dir='ltr'>non</span> <span class='ocrx_word' id='word_1_248' title='bbox 943 3602 1053 3661; x_wconf 89' lang='lat' dir='ltr'>Velleio</span> <span class='ocrx_word' id='word_1_249' title='bbox 1070 3602 1137 3677; x_wconf 82' lang='lat' dir='ltr'>ipsi,</span> <span class='ocrx_word' id='word_1_250' title='bbox 1154 3602 1211 3660; x_wconf 92' lang='lat' dir='ltr'>levi</span> <span class='ocrx_word' id='word_1_251' title='bbox 1230 3621 1298 3660; x_wconf 89' lang='lat' dir='ltr'>auc·</span> 
     </span>
     <span class='ocr_line' id='line_1_31' title="bbox 116 3704 1300 3776; baseline 0 -14"><span class='ocrx_word' id='word_1_252' title='bbox 116 3704 173 3762; x_wconf 90' lang='lat' dir='ltr'>tori</span> <span class='ocrx_word' id='word_1_253' title='bbox 206 3709 236 3763; x_wconf 92' lang='lat' dir='ltr'>et</span> <span class='ocrx_word' id='word_1_254' title='bbox 264 3704 442 3764; x_wconf 83' lang='lat' dir='ltr'>Caesaribus</span> <span class='ocrx_word' id='word_1_255' title='bbox 471 3705 579 3776; x_wconf 77' lang='lat' dir='ltr'>dedito,</span> <span class='ocrx_word' id='word_1_256' title='bbox 603 3705 737 3763; x_wconf 85' lang='lat' dir='ltr'>Tacitum</span> <span class='ocrx_word' id='word_1_257' title='bbox 774 3705 959 3763; x_wconf 84' lang='lat' dir='ltr'>subtraxisse</span> <span class='ocrx_word' id='word_1_258' title='bbox 993 3705 1128 3776; x_wconf 85' lang='lat' dir='ltr'>dixerim,</span> <span class='ocrx_word' id='word_1_259' title='bbox 1162 3705 1215 3763; x_wconf 89' lang='lat' dir='ltr'>sed</span> <span class='ocrx_word' id='word_1_260' title='bbox 1249 3710 1300 3762; x_wconf 90' lang='lat' dir='ltr'>ant</span> 
     </span>
     <span class='ocr_line' id='line_1_32' title="bbox 115 3805 1299 3882; baseline -0.001 -18"><span class='ocrx_word' id='word_1_261' title='bbox 115 3806 230 3864; x_wconf 89' lang='lat' dir='ltr'>nullam</span> <span class='ocrx_word' id='word_1_262' title='bbox 252 3824 319 3866; x_wconf 89' lang='lat' dir='ltr'>esse</span> <span class='ocrx_word' id='word_1_263' title='bbox 342 3807 548 3882; x_wconf 83' lang='lat' dir='ltr'>cognationem</span> <span class='ocrx_word' id='word_1_264' title='bbox 572 3813 623 3865; x_wconf 89' lang='lat' dir='ltr'>aut</span> <span class='ocrx_word' id='word_1_265' title='bbox 646 3813 808 3882; x_wconf 88' lang='lat' dir='ltr'>utrumque</span> <span class='ocrx_word' id='word_1_266' title='bbox 830 3807 860 3864; x_wconf 90' lang='lat' dir='ltr'>id</span> <span class='ocrx_word' id='word_1_267' title='bbox 882 3807 955 3864; x_wconf 82' lang='lat' dir='ltr'>fonti</span> <span class='ocrx_word' id='word_1_268' title='bbox 979 3805 1074 3864; x_wconf 89' lang='lat' dir='ltr'>Vellei</span> <span class='ocrx_word' id='word_1_269' title='bbox 1090 3807 1207 3866; x_wconf 89' lang='lat' dir='ltr'>debere.</span> <span class='ocrx_word' id='word_1_270' title='bbox 1240 3807 1299 3865; x_wconf 89' lang='lat' dir='ltr'>Cfr.</span> 
     </span>
     <span class='ocr_line' id='line_1_33' title="bbox 115 3907 557 3985; baseline 0.005 -19"><span class='ocrx_word' id='word_1_271' title='bbox 115 3907 238 3968; x_wconf 88' lang='lat' dir='ltr'>Norden</span> <span class='ocrx_word' id='word_1_272' title='bbox 261 3909 276 3967; x_wconf 89' lang='lat' dir='ltr'>I</span> <span class='ocrx_word' id='word_1_273' title='bbox 299 3929 328 3985; x_wconf 92' lang='lat' dir='ltr'>p.</span> <span class='ocrx_word' id='word_1_274' title='bbox 353 3911 414 3969; x_wconf 83' lang='grc'>338</span> <span class='ocrx_word' id='word_1_275' title='bbox 437 3909 505 3967; x_wconf 85' lang='lat' dir='ltr'>adn.</span> <span class='ocrx_word' id='word_1_276' title='bbox 529 3911 557 3969; x_wconf 87' lang='grc'>2.</span> 
     </span>
    </p>

    <p class='ocr_par' dir='ltr' id='par_1_6' title="bbox 220 4008 553 4088">
     <span class='ocr_line' id='line_1_34' title="bbox 220 4008 553 4088; baseline 0 -18"><span class='ocrx_word' id='word_1_277' title='bbox 220 4008 243 4086; x_wconf 84' lang='lat'>²)</span> <span class='ocrx_word' id='word_1_278' title='bbox 267 4012 326 4070; x_wconf 86' lang='lat' dir='ltr'>Ctr.</span> <span class='ocrx_word' id='word_1_279' title='bbox 349 4031 377 4088; x_wconf 93' lang='lat' dir='ltr'>p.</span> <span class='ocrx_word' id='word_1_280' title='bbox 402 4014 463 4072; x_wconf 86' lang='grc'>306</span> <span class='ocrx_word' id='word_1_281' title='bbox 488 4030 553 4088; x_wconf 91' lang='lat' dir='ltr'>sqq.</span> 
     </span>
    </p>
   </div>
   <div class='ocr_carea' id='block_1_4' title="bbox 117 4111 1300 4396">
    <p class='ocr_par' dir='ltr' id='par_1_7' title="bbox 117 4111 1300 4396">
     <span class='ocr_line' id='line_1_35' title="bbox 220 4111 1299 4190; baseline -0.003 -17"><span class='ocrx_word' id='word_1_282' title='bbox 220 4111 244 4190; x_wconf 76' lang='grc'>3)</span> <span class='ocrx_word' id='word_1_283' title='bbox 269 4114 328 4174; x_wconf 81' lang='lat' dir='ltr'>Cir.</span> <span class='ocrx_word' id='word_1_284' title='bbox 364 4115 502 4186; x_wconf 84' lang='lat' dir='ltr'>Boissier,</span> <span class='ocrx_word' id='word_1_285' title='bbox 535 4114 657 4172; x_wconf 85' lang='lat' dir='ltr'>Journal</span> <span class='ocrx_word' id='word_1_286' title='bbox 691 4112 745 4174; x_wconf 91' lang='lat' dir='ltr'>des</span> <span class='ocrx_word' id='word_1_287' title='bbox 779 4120 910 4188; x_wconf 85' lang='lat' dir='ltr'>savants,</span> <span class='ocrx_word' id='word_1_288' title='bbox 939 4133 964 4173; x_wconf 87' lang='lat' dir='ltr'>a.</span> <span class='ocrx_word' id='word_1_289' title='bbox 995 4115 1086 4186; x_wconf 82' lang='lat'>1895,</span> <span class='ocrx_word' id='word_1_290' title='bbox 1117 4132 1146 4189; x_wconf 90' lang='lat' dir='ltr'>p.</span> <span class='ocrx_word' id='word_1_291' title='bbox 1169 4113 1230 4171; x_wconf 81' lang='grc'>412</span> <span class='ocrx_word' id='word_1_292' title='bbox 1255 4131 1299 4189; x_wconf 89' lang='lat' dir='ltr'>sq.</span> 
     </span>
     <span class='ocr_line' id='line_1_36' title="bbox 117 4215 1300 4296; baseline -0.001 -21"><span class='ocrx_word' id='word_1_293' title='bbox 117 4217 171 4296; x_wconf 69' lang='lat' dir='ltr'>psi</span> <span class='ocrx_word' id='word_1_294' title='bbox 203 4216 281 4276; x_wconf 86' lang='lat' dir='ltr'>c&#39;est</span> <span class='ocrx_word' id='word_1_295' title='bbox 304 4222 378 4290; x_wconf 82' lang='lat' dir='ltr'>tout,</span> <span class='ocrx_word' id='word_1_296' title='bbox 410 4217 431 4274; x_wconf 93' lang='lat' dir='ltr'>il</span> <span class='ocrx_word' id='word_1_297' title='bbox 455 4218 518 4276; x_wconf 86' lang='lat' dir='ltr'>faut</span> <span class='ocrx_word' id='word_1_298' title='bbox 544 4235 655 4276; x_wconf 87' lang='lat' dir='ltr'>avouer</span> <span class='ocrx_word' id='word_1_299' title='bbox 677 4235 736 4293; x_wconf 89' lang='lat' dir='ltr'>que</span> <span class='ocrx_word' id='word_1_300' title='bbox 763 4235 797 4276; x_wconf 88' lang='lat' dir='ltr'>ce</span> <span class='ocrx_word' id='word_1_301' title='bbox 821 4217 898 4276; x_wconf 86' lang='lat' dir='ltr'>n’est</span> <span class='ocrx_word' id='word_1_302' title='bbox 921 4218 1049 4291; x_wconf 68' lang='lat' dir='ltr'>guerev).</span> <span class='ocrx_word' id='word_1_303' title='bbox 1094 4215 1214 4289; x_wconf 78' lang='lat' dir='ltr'>Quanto</span> <span class='ocrx_word' id='word_1_304' title='bbox 1238 4215 1300 4274; x_wconf 87' lang='lat' dir='ltr'>sint</span> 
     </span>
     <span class='ocr_line' id='line_1_37' title="bbox 117 4319 1299 4396; baseline -0.002 -18"><span class='ocrx_word' id='word_1_305' title='bbox 117 4319 248 4395; x_wconf 86' lang='lat' dir='ltr'>potiores</span> <span class='ocrx_word' id='word_1_306' title='bbox 275 4320 448 4395; x_wconf 84' lang='lat' dir='ltr'>vulgaribus</span> <span class='ocrx_word' id='word_1_307' title='bbox 470 4319 623 4377; x_wconf 88' lang='lat' dir='ltr'>rhetorum</span> <span class='ocrx_word' id='word_1_308' title='bbox 645 4319 785 4393; x_wconf 85' lang='lat' dir='ltr'>artificiis,</span> <span class='ocrx_word' id='word_1_309' title='bbox 809 4337 886 4396; x_wconf 89' lang='lat' dir='ltr'>quae</span> <span class='ocrx_word' id='word_1_310' title='bbox 909 4324 983 4377; x_wconf 89' lang='lat' dir='ltr'>tuuc</span> <span class='ocrx_word' id='word_1_311' title='bbox 1006 4319 1156 4393; x_wconf 87' lang='lat' dir='ltr'>vigebant,</span> <span class='ocrx_word' id='word_1_312' title='bbox 1180 4323 1299 4376; x_wconf 88' lang='lat' dir='ltr'>senten-</span> 
     </span>
    </p>
   </div>
   <div class='ocr_carea' id='block_1_5' title="bbox 0 0 1495 4800">
    <p class='ocr_par' dir='ltr' id='par_1_8' title="bbox 0 0 1495 4800">
     <span class='ocr_line' id='line_1_38' title="bbox 0 0 1495 4800; baseline 0 0"><span class='ocrx_word' id='word_1_313' title='bbox 0 0 1495 4800; x_wconf 95' lang='lat' dir='ltr'> </span> 
     </span>
    </p>
   </div>
  </div>
 </body>
</html>
