<?xml version="1.0" encoding="UTF-8"?>
<!DOCTYPE html PUBLIC "-//W3C//DTD XHTML 1.0 Transitional//EN"
    "http://www.w3.org/TR/xhtml1/DTD/xhtml1-transitional.dtd">
<html xmlns="http://www.w3.org/1999/xhtml" xml:lang="en" lang="en">
 <head>
  <title>
</title>
<meta http-equiv="Content-Type" content="text/html;charset=utf-8" />
  <meta name='ocr-system' content='tesseract 3.04.00' />
  <meta name='ocr-capabilities' content='ocr_page ocr_carea ocr_par ocr_line ocrx_word'/>
</head>
<body>
  <div class='ocr_page' id='page_1' title='image "./deplutarchoetta00boregoog_0134.png"; bbox 0 0 2978 4800; ppageno 0'>
   <div class='ocr_carea' id='block_1_1' title="bbox 86 429 657 617">
    <p class='ocr_par' dir='ltr' id='par_1_1' title="bbox 86 429 657 617">
     <span class='ocr_line' id='line_1_1' title="bbox 86 429 657 520; baseline 0.005 -23"><span class='ocrx_word' id='word_1_1' title='bbox 86 429 158 504; x_wconf 70' lang='lat' dir='ltr'><em>roric</em></span> <span class='ocrx_word' id='word_1_2' title='bbox 189 435 229 507; x_wconf 82' lang='grc' dir='ltr'><em>είς</em></span> <span class='ocrx_word' id='word_1_3' title='bbox 260 431 311 517; x_wconf 77' lang='grc' dir='ltr'><em>τὴν</em></span> <span class='ocrx_word' id='word_1_4' title='bbox 342 436 466 520; x_wconf 77' lang='grc' dir='ltr'><strong><em>ἐνέδραν,</em></strong></span> <span class='ocrx_word' id='word_1_5' title='bbox 496 431 657 520; x_wconf 72' lang='grc' dir='ltr'><strong><em>ἐξήγγειλαν</em></strong></span> 
     </span>
     <span class='ocr_line' id='line_1_2' title="bbox 87 531 443 617; baseline 0.008 -19"><span class='ocrx_word' id='word_1_6' title='bbox 87 531 248 616; x_wconf 71' lang='grc' dir='ltr'><strong><em>αὐτόμολοι</em></strong></span> <span class='ocrx_word' id='word_1_7' title='bbox 263 537 307 617; x_wconf 70' lang='grc' dir='ltr'><em>τῷ</em></span> <span class='ocrx_word' id='word_1_8' title='bbox 327 537 443 617; x_wconf 75' lang='grc' dir='ltr'><strong><em>Κέλσῳ.</em></strong></span> 
     </span>
    </p>
   </div>
   <div class='ocr_carea' id='block_1_2' title="bbox 131 766 654 857">
    <p class='ocr_par' dir='ltr' id='par_1_2' title="bbox 131 766 654 857">
     <span class='ocr_line' id='line_1_3' title="bbox 131 766 654 857; baseline 0.013 -23"><span class='ocrx_word' id='word_1_9' title='bbox 131 777 258 836; x_wconf 86' lang='grc'><strong>13--16</strong></span> <span class='ocrx_word' id='word_1_10' title='bbox 291 771 354 839; x_wconf 77' lang='grc' dir='ltr'><em>Καὶ</em></span> <span class='ocrx_word' id='word_1_11' title='bbox 380 766 464 847; x_wconf 74' lang='grc' dir='ltr'><strong><em>οὗτος</em></strong></span> <span class='ocrx_word' id='word_1_12' title='bbox 485 774 536 857; x_wconf 82' lang='grc' dir='ltr'><em>μὲν</em></span> <span class='ocrx_word' id='word_1_13' title='bbox 558 777 654 841; x_wconf 76' lang='grc' dir='ltr'><strong><em>ἱππεῦ·</em></strong></span> 
     </span>
    </p>
   </div>
   <div class='ocr_carea' id='block_1_3' title="bbox 82 873 653 1366">
    <p class='ocr_par' dir='ltr' id='par_1_3' title="bbox 82 873 653 1366">
     <span class='ocr_line' id='line_1_4' title="bbox 85 873 653 960; baseline 0.007 -21"><span class='ocrx_word' id='word_1_14' title='bbox 85 900 130 940; x_wconf 92' lang='grc' dir='ltr'><em>σιν</em></span> <span class='ocrx_word' id='word_1_15' title='bbox 163 873 291 958; x_wconf 75' lang='grc' dir='ltr'><em>ἀγαθοῖς</em></span> <span class='ocrx_word' id='word_1_16' title='bbox 327 873 531 955; x_wconf 73' lang='grc' dir='ltr'><strong><em>ἀντεξελάσας,</em></strong></span> <span class='ocrx_word' id='word_1_17' title='bbox 565 903 653 960; x_wconf 81' lang='grc' dir='ltr'><strong><em>πεφυ·</em></strong></span> 
     </span>
     <span class='ocr_line' id='line_1_5' title="bbox 85 972 653 1061; baseline 0.004 -19"><span class='ocrx_word' id='word_1_18' title='bbox 85 978 235 1061; x_wconf 76' lang='grc' dir='ltr'><strong><em>λαγμὲνως</em></strong></span> <span class='ocrx_word' id='word_1_19' title='bbox 249 975 279 1041; x_wconf 77' lang='grc' dir='ltr'><em>δὲ</em></span> <span class='ocrx_word' id='word_1_20' title='bbox 295 972 439 1060; x_wconf 81' lang='grc' dir='ltr'><strong><em>χρώμενος</em></strong></span> <span class='ocrx_word' id='word_1_21' title='bbox 453 978 488 1060; x_wconf 73' lang='grc' dir='ltr'><em>τῇ</em></span> <span class='ocrx_word' id='word_1_22' title='bbox 502 974 593 1056; x_wconf 82' lang='grc' dir='ltr'><strong><em>διώξει</em></strong></span> <span class='ocrx_word' id='word_1_23' title='bbox 604 977 653 1044; x_wconf 83' lang='grc' dir='ltr'><em>καὶ</em></span> 
     </span>
     <span class='ocr_line' id='line_1_6' title="bbox 84 1073 652 1162; baseline 0.004 -19"><span class='ocrx_word' id='word_1_24' title='bbox 84 1073 132 1162; x_wconf 69' lang='lat' dir='ltr'><em>rip</em></span> <span class='ocrx_word' id='word_1_25' title='bbox 165 1080 282 1161; x_wconf 76' lang='grc' dir='ltr'><strong><em>ἐνέδραν</em></strong></span> <span class='ocrx_word' id='word_1_26' title='bbox 313 1075 454 1162; x_wconf 72' lang='grc' dir='ltr'><strong><em>περισχὼν</em></strong></span> <span class='ocrx_word' id='word_1_27' title='bbox 480 1077 529 1145; x_wconf 77' lang='grc' dir='ltr'><em>καὶ</em></span> <span class='ocrx_word' id='word_1_28' title='bbox 552 1104 652 1145; x_wconf 86' lang='grc' dir='ltr'><strong><em>συντα·</em></strong></span> 
     </span>
     <span class='ocr_line' id='line_1_7' title="bbox 83 1176 652 1265; baseline 0.002 -19"><span class='ocrx_word' id='word_1_29' title='bbox 83 1178 180 1265; x_wconf 80' lang='grc' dir='ltr'><strong><em>ρ’άξας</em></strong></span> <span class='ocrx_word' id='word_1_30' title='bbox 202 1176 300 1244; x_wconf 80' lang='grc' dir='ltr'><strong><em>ἐκάλει</em></strong></span> <span class='ocrx_word' id='word_1_31' title='bbox 320 1179 389 1252; x_wconf 80' lang='grc' dir='ltr'><strong><em>τοὺς</em></strong></span> <span class='ocrx_word' id='word_1_32' title='bbox 409 1177 531 1255; x_wconf 79' lang='grc' dir='ltr'><strong><em>ὁπλίτας</em></strong></span> <span class='ocrx_word' id='word_1_33' title='bbox 553 1184 583 1246; x_wconf 79' lang='grc' dir='ltr'><em>ἐκ</em></span> <span class='ocrx_word' id='word_1_34' title='bbox 599 1184 652 1247; x_wconf 79' lang='grc' dir='ltr'><em>τοῦ</em></span> 
     </span>
     <span class='ocr_line' id='line_1_8' title="bbox 82 1283 292 1366; baseline -0.005 -19"><span class='ocrx_word' id='word_1_35' title='bbox 82 1283 292 1366; x_wconf 77' lang='grc' dir='ltr'><strong><em>στρατοπέδου.</em></strong></span> 
     </span>
    </p>
   </div>
   <div class='ocr_carea' id='block_1_4' title="bbox 70 2125 648 3540">
    <p class='ocr_par' dir='ltr' id='par_1_4' title="bbox 70 2125 648 3540">
     <span class='ocr_line' id='line_1_9' title="bbox 127 2125 648 2196; baseline 0.019 -10"><span class='ocrx_word' id='word_1_36' title='bbox 127 2130 252 2188; x_wconf 81' lang='grc'>16-25</span> <span class='ocrx_word' id='word_1_37' title='bbox 275 2125 338 2190; x_wconf 79' lang='grc' dir='ltr'><em>Καί</em></span> <span class='ocrx_word' id='word_1_38' title='bbox 361 2130 494 2194; x_wconf 76' lang='grc' dir='ltr'><strong><em>δοκοῦσιν</em></strong></span> <span class='ocrx_word' id='word_1_39' title='bbox 516 2127 553 2195; x_wconf 73' lang='grc' dir='ltr'><em>ἄν</em></span> <span class='ocrx_word' id='word_1_40' title='bbox 570 2132 648 2196; x_wconf 74' lang='lat' dir='ltr'><em>inet-</em></span> 
     </span>
     <span class='ocr_line' id='line_1_10' title="bbox 79 2226 647 2314; baseline 0.014 -22"><span class='ocrx_word' id='word_1_41' title='bbox 79 2226 185 2300; x_wconf 80' lang='grc' dir='ltr'><strong><em>δόντες</em></strong></span> <span class='ocrx_word' id='word_1_42' title='bbox 208 2231 237 2294; x_wconf 77' lang='grc' dir='ltr'><em>ἐν</em></span> <span class='ocrx_word' id='word_1_43' title='bbox 258 2232 351 2313; x_wconf 74' lang='grc' dir='ltr'><strong><em>καιρῷ</em></strong></span> <span class='ocrx_word' id='word_1_44' title='bbox 365 2232 471 2314; x_wconf 76' lang='grc' dir='ltr'><strong><em>μηδένα</em></strong></span> <span class='ocrx_word' id='word_1_45' title='bbox 485 2240 573 2300; x_wconf 82' lang='grc' dir='ltr'><strong><em>λιπεῖν</em></strong></span> <span class='ocrx_word' id='word_1_46' title='bbox 588 2237 647 2300; x_wconf 76' lang='grc' dir='ltr'><em>τῶν</em></span> 
     </span>
     <span class='ocr_line' id='line_1_11' title="bbox 76 2328 647 2416; baseline 0.014 -22"><span class='ocrx_word' id='word_1_47' title='bbox 76 2331 230 2412; x_wconf 83' lang='grc' dir='ltr'><strong><em>πολεμίων,</em></strong></span> <span class='ocrx_word' id='word_1_48' title='bbox 261 2328 338 2396; x_wconf 72' lang='grc' dir='ltr'><strong><em>ἄλλοί</em></strong></span> <span class='ocrx_word' id='word_1_49' title='bbox 359 2335 420 2398; x_wconf 78' lang='grc' dir='ltr'><em>πᾶν</em></span> <span class='ocrx_word' id='word_1_50' title='bbox 440 2330 474 2399; x_wconf 85' lang='grc' dir='ltr'><em>τό</em></span> <span class='ocrx_word' id='word_1_51' title='bbox 497 2331 571 2416; x_wconf 76' lang='grc' dir='ltr'><strong><em>μετὰ</em></strong></span> <span class='ocrx_word' id='word_1_52' title='bbox 591 2346 647 2401; x_wconf 85' lang='grc' dir='ltr'><em>Κε·</em></span> 
     </span>
     <span class='ocr_line' id='line_1_12' title="bbox 79 2428 645 2519; baseline 0.012 -23"><span class='ocrx_word' id='word_1_53' title='bbox 79 2432 143 2497; x_wconf 72' lang='lat' dir='ltr'><em>nisu</em></span> <span class='ocrx_word' id='word_1_54' title='bbox 160 2428 331 2514; x_wconf 75' lang='grc' dir='ltr'><strong><em>στράτευμα</em></strong></span> <span class='ocrx_word' id='word_1_55' title='bbox 347 2447 503 2519; x_wconf 76' lang='grc' dir='ltr'><strong><em>συντρῖψαι</em></strong></span> <span class='ocrx_word' id='word_1_56' title='bbox 517 2435 568 2502; x_wconf 81' lang='grc' dir='ltr'><em>καὶ</em></span> <span class='ocrx_word' id='word_1_57' title='bbox 583 2437 645 2503; x_wconf 79' lang='lat' dir='ltr'><em>nire·</em></span> 
     </span>
     <span class='ocr_line' id='line_1_13' title="bbox 79 2531 644 2617; baseline 0.018 -20"><span class='ocrx_word' id='word_1_58' title='bbox 79 2537 134 2598; x_wconf 83' lang='grc' dir='ltr'><strong><em>λεῖν</em></strong></span> <span class='ocrx_word' id='word_1_59' title='bbox 157 2531 340 2617; x_wconf 76' lang='grc' dir='ltr'><strong><em>ἐπισπόμενοι</em></strong></span> <span class='ocrx_word' id='word_1_60' title='bbox 362 2548 422 2608; x_wconf 90' lang='grc' dir='ltr'><strong><em>τοῖς</em></strong></span> <span class='ocrx_word' id='word_1_61' title='bbox 438 2538 563 2604; x_wconf 75' lang='grc' dir='ltr'><strong><em>ἱππεῦσι·</em></strong></span> <span class='ocrx_word' id='word_1_62' title='bbox 585 2540 644 2607; x_wconf 77' lang='grc' dir='ltr'><strong><em>νυνὶ</em></strong></span> 
     </span>
     <span class='ocr_line' id='line_1_14' title="bbox 78 2632 644 2724; baseline 0.014 -24"><span class='ocrx_word' id='word_1_63' title='bbox 78 2633 108 2700; x_wconf 76' lang='grc' dir='ltr'><em>δὲ</em></span> <span class='ocrx_word' id='word_1_64' title='bbox 122 2632 139 2701; x_wconf 87' lang='grc' dir='ltr'><strong><em>ό</em></strong></span> <span class='ocrx_word' id='word_1_65' title='bbox 154 2642 303 2710; x_wconf 76' lang='grc' dir='ltr'><strong><em>Παυλῖνος</em></strong></span> <span class='ocrx_word' id='word_1_66' title='bbox 317 2636 375 2721; x_wconf 77' lang='grc' dir='ltr'><em>ὀψὲ</em></span> <span class='ocrx_word' id='word_1_67' title='bbox 390 2636 440 2702; x_wconf 80' lang='grc' dir='ltr'><em>καὶ</em></span> <span class='ocrx_word' id='word_1_68' title='bbox 455 2643 543 2723; x_wconf 75' lang='grc' dir='ltr'><strong><em>σχολῇ</em></strong></span> <span class='ocrx_word' id='word_1_69' title='bbox 557 2668 644 2724; x_wconf 89' lang='grc' dir='ltr'><strong><em>προσ-</em></strong></span> 
     </span>
     <span class='ocr_line' id='line_1_15' title="bbox 75 2733 645 2829; baseline 0.018 -29"><span class='ocrx_word' id='word_1_70' title='bbox 75 2733 229 2823; x_wconf 72' lang='grc' dir='ltr'><strong><em>βοηθήσας</em></strong></span> <span class='ocrx_word' id='word_1_71' title='bbox 251 2739 346 2804; x_wconf 82' lang='grc' dir='ltr'><strong><em>αἰτίαν</em></strong></span> <span class='ocrx_word' id='word_1_72' title='bbox 368 2742 446 2823; x_wconf 82' lang='grc' dir='ltr'><strong><em>ἔσχεν</em></strong></span> <span class='ocrx_word' id='word_1_73' title='bbox 468 2743 645 2829; x_wconf 72' lang='grc' dir='ltr'><strong><em>ἐνδεέστερον</em></strong></span> 
     </span>
     <span class='ocr_line' id='line_1_16' title="bbox 74 2836 645 2926; baseline 0.012 -22"><span class='ocrx_word' id='word_1_74' title='bbox 74 2841 127 2923; x_wconf 83' lang='grc' dir='ltr'><em>τῆς</em></span> <span class='ocrx_word' id='word_1_75' title='bbox 159 2836 243 2923; x_wconf 83' lang='grc' dir='ltr'><strong><em>δόξης</em></strong></span> <span class='ocrx_word' id='word_1_76' title='bbox 273 2845 468 2926; x_wconf 76' lang='grc' dir='ltr'><strong><em>στρατηγῆσαι</em></strong></span> <span class='ocrx_word' id='word_1_77' title='bbox 497 2848 532 2909; x_wconf 87' lang='grc' dir='ltr'><em>δι’</em></span> <span class='ocrx_word' id='word_1_78' title='bbox 560 2843 645 2911; x_wconf 71' lang='lat' dir='ltr'><em>sitni-</em></span> 
     </span>
     <span class='ocr_line' id='line_1_17' title="bbox 74 2942 643 3034; baseline 0.011 -27"><span class='ocrx_word' id='word_1_79' title='bbox 74 2951 165 3028; x_wconf 84' lang='grc' dir='ltr'><strong><em>βειαν.</em></strong></span> <span class='ocrx_word' id='word_1_80' title='bbox 205 2945 242 3008; x_wconf 86' lang='lat' dir='ltr'><em>Oi</em></span> <span class='ocrx_word' id='word_1_81' title='bbox 272 2943 302 3009; x_wconf 80' lang='grc' dir='ltr'><em>δὲ</em></span> <span class='ocrx_word' id='word_1_82' title='bbox 334 2942 434 3010; x_wconf 76' lang='grc' dir='ltr'><strong><em>πολλοὶ</em></strong></span> <span class='ocrx_word' id='word_1_83' title='bbox 465 2948 524 3011; x_wconf 76' lang='grc' dir='ltr'><em>τῶν</em></span> <span class='ocrx_word' id='word_1_84' title='bbox 555 2973 643 3034; x_wconf 89' lang='grc' dir='ltr'><strong><em>στρα-</em></strong></span> 
     </span>
     <span class='ocr_line' id='line_1_18' title="bbox 73 3044 642 3132; baseline 0.012 -23"><span class='ocrx_word' id='word_1_85' title='bbox 73 3047 189 3110; x_wconf 77' lang='grc' dir='ltr'><strong><em>τιωτῶν</em></strong></span> <span class='ocrx_word' id='word_1_86' title='bbox 220 3044 269 3110; x_wconf 82' lang='grc' dir='ltr'><em>καὶ</em></span> <span class='ocrx_word' id='word_1_87' title='bbox 298 3050 456 3132; x_wconf 85' lang='grc' dir='ltr'><strong><em>προδοσίαν</em></strong></span> <span class='ocrx_word' id='word_1_88' title='bbox 489 3048 642 3116; x_wconf 80' lang='grc' dir='ltr'><strong><em>ἐνεκάλουν</em></strong></span> 
     </span>
     <span class='ocr_line' id='line_1_19' title="bbox 74 3144 642 3233; baseline 0.014 -21"><span class='ocrx_word' id='word_1_89' title='bbox 74 3144 167 3226; x_wconf 73' lang='grc' dir='ltr'><strong><em>αὐτῷ,</em></strong></span> <span class='ocrx_word' id='word_1_90' title='bbox 190 3145 238 3212; x_wconf 72' lang='grc' dir='ltr'><em>καί</em></span> <span class='ocrx_word' id='word_1_91' title='bbox 266 3144 433 3233; x_wconf 78' lang='grc' dir='ltr'><strong><em>παρώξυνον</em></strong></span> <span class='ocrx_word' id='word_1_92' title='bbox 454 3147 505 3217; x_wconf 85' lang='grc' dir='ltr'><em>τόν</em></span> <span class='ocrx_word' id='word_1_93' title='bbox 522 3148 642 3220; x_wconf 80' lang='grc' dir='ltr'><strong><em>Ὄθωνα</em></strong></span> 
     </span>
     <span class='ocr_line' id='line_1_20' title="bbox 72 3247 641 3337; baseline 0.009 -24"><span class='ocrx_word' id='word_1_94' title='bbox 72 3251 341 3332; x_wconf 68' lang='grc' dir='ltr'><strong><em>μεγαληγοροῦντες,</em></strong></span> <span class='ocrx_word' id='word_1_95' title='bbox 379 3247 419 3322; x_wconf 67' lang='grc' dir='ltr'><em>οἷς</em></span> <span class='ocrx_word' id='word_1_96' title='bbox 457 3250 641 3337; x_wconf 83' lang='grc' dir='ltr'><strong><em>νενικηκότων</em></strong></span> 
     </span>
     <span class='ocr_line' id='line_1_21' title="bbox 73 3348 642 3435; baseline 0.012 -22"><span class='ocrx_word' id='word_1_97' title='bbox 73 3348 181 3427; x_wconf 74' lang='grc' dir='ltr'><strong><em>αὐτῶν,</em></strong></span> <span class='ocrx_word' id='word_1_98' title='bbox 213 3353 264 3433; x_wconf 79' lang='grc' dir='ltr'><em>τῆς</em></span> <span class='ocrx_word' id='word_1_99' title='bbox 292 3351 322 3416; x_wconf 77' lang='grc' dir='ltr'><em>δὲ</em></span> <span class='ocrx_word' id='word_1_100' title='bbox 344 3353 420 3435; x_wconf 90' lang='grc' dir='ltr'><strong><em>νίκης</em></strong></span> <span class='ocrx_word' id='word_1_101' title='bbox 442 3350 492 3418; x_wconf 74' lang='grc' dir='ltr'><em>οὐκ</em></span> <span class='ocrx_word' id='word_1_102' title='bbox 515 3352 560 3420; x_wconf 76' lang='grc' dir='ltr'><em>ἐπὶ</em></span> <span class='ocrx_word' id='word_1_103' title='bbox 581 3358 642 3420; x_wconf 79' lang='grc' dir='ltr'><em>πᾶν</em></span> 
     </span>
     <span class='ocr_line' id='line_1_22' title="bbox 70 3449 640 3540; baseline 0.012 -25"><span class='ocrx_word' id='word_1_104' title='bbox 70 3449 274 3535; x_wconf 76' lang='grc' dir='ltr'><strong><em>προελδοόσης</em></strong></span> <span class='ocrx_word' id='word_1_105' title='bbox 289 3456 377 3538; x_wconf 79' lang='grc' dir='ltr'><strong><em>κακίᾳ</em></strong></span> <span class='ocrx_word' id='word_1_106' title='bbox 389 3457 449 3518; x_wconf 77' lang='grc' dir='ltr'><em>τῶν</em></span> <span class='ocrx_word' id='word_1_107' title='bbox 464 3459 640 3540; x_wconf 77' lang='grc' dir='ltr'><strong><em>στρατηγῶν.</em></strong></span> 
     </span>
    </p>
   </div>
   <div class='ocr_carea' id='block_1_5' title="bbox 1189 259 1229 320">
    <p class='ocr_par' dir='ltr' id='par_1_5' title="bbox 1189 259 1229 320">
     <span class='ocr_line' id='line_1_23' title="bbox 1189 259 1229 320; baseline 0.1 -4"><span class='ocrx_word' id='word_1_108' title='bbox 1189 259 1229 320; x_wconf 86' lang='grc'><em>89</em></span> 
     </span>
    </p>
   </div>
   <div class='ocr_carea' id='block_1_6' title="bbox 706 441 1272 722">
    <p class='ocr_par' dir='ltr' id='par_1_6' title="bbox 706 441 1272 722">
     <span class='ocr_line' id='line_1_24' title="bbox 708 441 1272 514; baseline 0.016 -19"><span class='ocrx_word' id='word_1_109' title='bbox 708 441 858 514; x_wconf 72' lang='lat' dir='ltr'><em>orientium</em></span> <span class='ocrx_word' id='word_1_110' title='bbox 890 441 995 513; x_wconf 76' lang='lat' dir='ltr'><em>elicere,</em></span> <span class='ocrx_word' id='word_1_111' title='bbox 1029 443 1115 502; x_wconf 82' lang='lat' dir='ltr'><em>donee</em></span> <span class='ocrx_word' id='word_1_112' title='bbox 1147 444 1272 504; x_wconf 55' lang='lat' dir='ltr'><em>institiae</em></span> 
     </span>
     <span class='ocr_line' id='line_1_25' title="bbox 706 544 1271 606; baseline 0.011 -7"><span class='ocrx_word' id='word_1_113' title='bbox 706 549 893 602; x_wconf 85' lang='lat' dir='ltr'><em>eoorerentur.</em></span> <span class='ocrx_word' id='word_1_114' title='bbox 939 544 1094 604; x_wconf 84' lang='lat' dir='ltr'><em>Proditurn</em></span> <span class='ocrx_word' id='word_1_115' title='bbox 1125 546 1157 604; x_wconf 88' lang='lat' dir='ltr'><em>iot</em></span> <span class='ocrx_word' id='word_1_116' title='bbox 1184 545 1271 606; x_wconf 78' lang='lat' dir='ltr'><em>Otho-</em></span> 
     </span>
     <span class='ocr_line' id='line_1_26' title="bbox 706 644 956 722; baseline 0.004 -20"><span class='ocrx_word' id='word_1_117' title='bbox 706 644 807 702; x_wconf 85' lang='lat' dir='ltr'><em>niunis</em></span> <span class='ocrx_word' id='word_1_118' title='bbox 829 645 956 722; x_wconf 70' lang='lat' dir='ltr'><em>ducibus,</em></span> 
     </span>
    </p>
   </div>
   <div class='ocr_carea' id='block_1_7' title="bbox 698 781 1268 2082">
    <p class='ocr_par' dir='ltr' id='par_1_7' title="bbox 698 781 1268 2082">
     <span class='ocr_line' id='line_1_27' title="bbox 748 781 1268 856; baseline 0.01 -18"><span class='ocrx_word' id='word_1_119' title='bbox 748 785 774 838; x_wconf 87' lang='lat' dir='ltr'><em>et</em></span> <span class='ocrx_word' id='word_1_120' title='bbox 808 799 909 839; x_wconf 76' lang='lat' dir='ltr'><em>ourani</em></span> <span class='ocrx_word' id='word_1_121' title='bbox 942 781 1076 856; x_wconf 76' lang='lat' dir='ltr'><em>pediturn</em></span> <span class='ocrx_word' id='word_1_122' title='bbox 1112 783 1268 856; x_wconf 86' lang='lat' dir='ltr'><em>Pontinus,</em></span> 
     </span>
     <span class='ocr_line' id='line_1_28' title="bbox 705 882 1238 960; baseline 0.015 -22"><span class='ocrx_word' id='word_1_123' title='bbox 705 882 834 957; x_wconf 81' lang='lat' dir='ltr'><em>equiturn</em></span> <span class='ocrx_word' id='word_1_124' title='bbox 881 883 978 942; x_wconf 79' lang='lat' dir='ltr'><em>Celsen</em></span> <span class='ocrx_word' id='word_1_125' title='bbox 1014 903 1161 960; x_wconf 71' lang='lat' dir='ltr'><em>sumpsere</em></span> <span class='ocrx_word' id='word_1_126' title='bbox 1202 931 1238 946; x_wconf 91' lang='lat'><em>..</em></span> 
     </span>
     <span class='ocr_line' id='line_1_29' title="bbox 705 983 1266 1061; baseline 0.011 -20"><span class='ocrx_word' id='word_1_127' title='bbox 705 983 735 1042; x_wconf 91' lang='lat' dir='ltr'><em>II</em></span> <span class='ocrx_word' id='word_1_128' title='bbox 751 985 790 1042; x_wconf 81' lang='lat'><em>25</em></span> <span class='ocrx_word' id='word_1_129' title='bbox 803 987 963 1060; x_wconf 77' lang='lat' dir='ltr'><em>Antequam</em></span> <span class='ocrx_word' id='word_1_130' title='bbox 974 986 1163 1045; x_wconf 73' lang='lat' dir='ltr'><em>miscerentur</em></span> <span class='ocrx_word' id='word_1_131' title='bbox 1184 989 1266 1061; x_wconf 76' lang='lat' dir='ltr'><em>onies,</em></span> 
     </span>
     <span class='ocr_line' id='line_1_30' title="bbox 704 1088 1267 1163; baseline 0.011 -19"><span class='ocrx_word' id='word_1_132' title='bbox 704 1092 780 1161; x_wconf 66' lang='lat' dir='ltr'><em>terna</em></span> <span class='ocrx_word' id='word_1_133' title='bbox 812 1088 983 1146; x_wconf 75' lang='lat' dir='ltr'><em>sententious</em></span> <span class='ocrx_word' id='word_1_134' title='bbox 1011 1089 1180 1163; x_wconf 77' lang='lat' dir='ltr'><em>Vitellianis,</em></span> <span class='ocrx_word' id='word_1_135' title='bbox 1208 1091 1267 1150; x_wconf 78' lang='lat' dir='ltr'><em>ue-</em></span> 
     </span>
     <span class='ocr_line' id='line_1_31' title="bbox 703 1188 1263 1266; baseline 0.011 -21"><span class='ocrx_word' id='word_1_136' title='bbox 703 1207 755 1246; x_wconf 87' lang='lat' dir='ltr'><em>sus</em></span> <span class='ocrx_word' id='word_1_137' title='bbox 783 1188 842 1247; x_wconf 85' lang='lat' dir='ltr'><em>doti</em></span> <span class='ocrx_word' id='word_1_138' title='bbox 865 1190 996 1264; x_wconf 79' lang='lat' dir='ltr'><em>prudens</em></span> <span class='ocrx_word' id='word_1_139' title='bbox 1022 1192 1156 1266; x_wconf 77' lang='lat' dir='ltr'><em>repressit</em></span> <span class='ocrx_word' id='word_1_140' title='bbox 1177 1211 1263 1251; x_wconf 87' lang='lat' dir='ltr'><em>snos:</em></span> 
     </span>
     <span class='ocr_line' id='line_1_32' title="bbox 709 1291 1266 1369; baseline 0.009 -20"><span class='ocrx_word' id='word_1_141' title='bbox 709 1291 854 1350; x_wconf 81' lang='lat' dir='ltr'><em>Vitetturni</em></span> <span class='ocrx_word' id='word_1_142' title='bbox 885 1298 985 1351; x_wconf 83' lang='lat' dir='ltr'><em>ternero</em></span> <span class='ocrx_word' id='word_1_143' title='bbox 1016 1300 1196 1369; x_wconf 72' lang='lat' dir='ltr'><em>ensurqentes</em></span> <span class='ocrx_word' id='word_1_144' title='bbox 1224 1314 1266 1354; x_wconf 80' lang='lat' dir='ltr'><em>rn-</em></span> 
     </span>
     <span class='ocr_line' id='line_1_33' title="bbox 702 1394 1268 1471; baseline 0.007 -18"><span class='ocrx_word' id='word_1_145' title='bbox 702 1394 781 1453; x_wconf 86' lang='lat' dir='ltr'><em>dente</em></span> <span class='ocrx_word' id='word_1_146' title='bbox 803 1396 911 1453; x_wconf 82' lang='lat' dir='ltr'><em>sonsirn</em></span> <span class='ocrx_word' id='word_1_147' title='bbox 938 1396 1016 1455; x_wconf 64' lang='lat' dir='ltr'><em>Celso</em></span> <span class='ocrx_word' id='word_1_148' title='bbox 1042 1396 1158 1471; x_wconf 71' lang='lat' dir='ltr'><em>tonyius</em></span> <span class='ocrx_word' id='word_1_149' title='bbox 1178 1398 1268 1457; x_wconf 84' lang='lat' dir='ltr'><em>seouti</em></span> 
     </span>
     <span class='ocr_line' id='line_1_34' title="bbox 701 1496 1265 1575; baseline 0.004 -21"><span class='ocrx_word' id='word_1_150' title='bbox 701 1496 777 1555; x_wconf 86' lang='lat' dir='ltr'><em>uttro</em></span> <span class='ocrx_word' id='word_1_151' title='bbox 809 1497 843 1556; x_wconf 89' lang='lat' dir='ltr'><em>in</em></span> <span class='ocrx_word' id='word_1_152' title='bbox 872 1497 998 1556; x_wconf 79' lang='lat' dir='ltr'><em>insidias</em></span> <span class='ocrx_word' id='word_1_153' title='bbox 1015 1499 1265 1575; x_wconf 68' lang='lat' dir='ltr'><em>praecipiuntur,-</em></span> 
     </span>
     <span class='ocr_line' id='line_1_35' title="bbox 700 1599 1265 1677; baseline 0.011 -22"><span class='ocrx_word' id='word_1_154' title='bbox 700 1616 772 1656; x_wconf 84' lang='lat' dir='ltr'><em>nnnt</em></span> <span class='ocrx_word' id='word_1_155' title='bbox 787 1617 805 1656; x_wconf 88' lang='lat' dir='ltr'><em>u</em></span> <span class='ocrx_word' id='word_1_156' title='bbox 820 1599 955 1658; x_wconf 75' lang='lat' dir='ltr'><em>tutoribus</em></span> <span class='ocrx_word' id='word_1_157' title='bbox 969 1600 1103 1673; x_wconf 77' lang='lat' dir='ltr'><em>cohortes,</em></span> <span class='ocrx_word' id='word_1_158' title='bbox 1120 1602 1265 1677; x_wconf 72' lang='lat' dir='ltr'><em>leyionunu</em></span> 
     </span>
     <span class='ocr_line' id='line_1_36' title="bbox 701 1699 1264 1776; baseline 0.009 -19"><span class='ocrx_word' id='word_1_159' title='bbox 701 1699 818 1758; x_wconf 67' lang='lat' dir='ltr'><em>attonsa</em></span> <span class='ocrx_word' id='word_1_160' title='bbox 850 1702 944 1776; x_wconf 78' lang='lat' dir='ltr'><em>frons,</em></span> <span class='ocrx_word' id='word_1_161' title='bbox 967 1708 992 1760; x_wconf 90' lang='lat' dir='ltr'><em>et</em></span> <span class='ocrx_word' id='word_1_162' title='bbox 1014 1703 1108 1761; x_wconf 81' lang='lat' dir='ltr'><em>subito</em></span> <span class='ocrx_word' id='word_1_163' title='bbox 1130 1704 1264 1762; x_wconf 80' lang='lat' dir='ltr'><em>diseursu</em></span> 
     </span>
     <span class='ocr_line' id='line_1_37' title="bbox 701 1803 1263 1882; baseline 0.011 -24"><span class='ocrx_word' id='word_1_164' title='bbox 701 1807 777 1875; x_wconf 74' lang='lat' dir='ltr'><em>teron</em></span> <span class='ocrx_word' id='word_1_165' title='bbox 799 1803 925 1861; x_wconf 84' lang='lat' dir='ltr'><em>einuornt</em></span> <span class='ocrx_word' id='word_1_166' title='bbox 946 1823 1038 1880; x_wconf 80' lang='lat' dir='ltr'><em>eques.</em></span> <span class='ocrx_word' id='word_1_167' title='bbox 1065 1805 1189 1880; x_wconf 71' lang='lat' dir='ltr'><em>Sionune</em></span> <span class='ocrx_word' id='word_1_168' title='bbox 1203 1825 1263 1882; x_wconf 80' lang='lat' dir='ltr'><em>pu·</em></span> 
     </span>
     <span class='ocr_line' id='line_1_38' title="bbox 698 1906 1262 1978; baseline 0.014 -20"><span class='ocrx_word' id='word_1_169' title='bbox 698 1923 771 1978; x_wconf 83' lang='grc' dir='ltr'><em>Ιηααο</em></span> <span class='ocrx_word' id='word_1_170' title='bbox 793 1923 855 1963; x_wconf 91' lang='lat' dir='ltr'><em>non</em></span> <span class='ocrx_word' id='word_1_171' title='bbox 877 1906 1013 1965; x_wconf 79' lang='lat' dir='ltr'><em>statiua</em></span> <span class='ocrx_word' id='word_1_172' title='bbox 1034 1906 1171 1966; x_wconf 78' lang='lat' dir='ltr'><em>Suetonio</em></span> <span class='ocrx_word' id='word_1_173' title='bbox 1183 1909 1262 1966; x_wconf 86' lang='lat' dir='ltr'><em>Pou-</em></span> 
     </span>
     <span class='ocr_line' id='line_1_39' title="bbox 699 2007 999 2082; baseline 0.007 -18"><span class='ocrx_word' id='word_1_174' title='bbox 699 2007 760 2065; x_wconf 87' lang='lat' dir='ltr'><em>lino</em></span> <span class='ocrx_word' id='word_1_175' title='bbox 776 2008 870 2082; x_wconf 80' lang='lat' dir='ltr'><em>pediti</em></span> <span class='ocrx_word' id='word_1_176' title='bbox 891 2008 999 2066; x_wconf 71' lang='lat' dir='ltr'><em>(toturn.</em></span> 
     </span>
    </p>
   </div>
   <div class='ocr_carea' id='block_1_8' title="bbox 687 2131 1263 4358">
    <p class='ocr_par' dir='ltr' id='par_1_8' title="bbox 687 2131 1263 4358">
     <span class='ocr_line' id='line_1_40' title="bbox 741 2131 1263 2208; baseline 0.006 -19"><span class='ocrx_word' id='word_1_177' title='bbox 741 2131 771 2190; x_wconf 86' lang='grc' dir='ltr'><em>ΙΙ</em></span> <span class='ocrx_word' id='word_1_178' title='bbox 795 2133 834 2191; x_wconf 84' lang='grc'><em>25</em></span> <span class='ocrx_word' id='word_1_179' title='bbox 861 2132 988 2207; x_wconf 71' lang='grc' dir='ltr'><strong><em>δῖηαανα</em></strong></span> <span class='ocrx_word' id='word_1_180' title='bbox 999 2152 1115 2208; x_wconf 83' lang='grc' dir='ltr'><strong><em>ηναηκαε</em></strong></span> <span class='ocrx_word' id='word_1_181' title='bbox 1130 2153 1190 2193; x_wconf 93' lang='lat' dir='ltr'><em>non</em></span> <span class='ocrx_word' id='word_1_182' title='bbox 1205 2140 1263 2192; x_wconf 86' lang='lat' dir='ltr'><em>sto·</em></span> 
     </span>
     <span class='ocr_line' id='line_1_41' title="bbox 699 2234 1263 2313; baseline 0.009 -22"><span class='ocrx_word' id='word_1_183' title='bbox 699 2234 752 2292; x_wconf 80' lang='lat' dir='ltr'><em>tine</em></span> <span class='ocrx_word' id='word_1_184' title='bbox 785 2254 803 2292; x_wconf 91' lang='grc' dir='ltr'><strong><em>α</em></strong></span> <span class='ocrx_word' id='word_1_185' title='bbox 838 2235 975 2295; x_wconf 75' lang='lat' dir='ltr'><em>Suetonio</em></span> <span class='ocrx_word' id='word_1_186' title='bbox 1012 2236 1139 2296; x_wconf 83' lang='lat' dir='ltr'><em>Paulino</em></span> <span class='ocrx_word' id='word_1_187' title='bbox 1171 2238 1263 2313; x_wconf 84' lang='lat' dir='ltr'><em>pediti</em></span> 
     </span>
     <span class='ocr_line' id='line_1_42' title="bbox 697 2337 1263 2399; baseline 0.007 -4"><span class='ocrx_word' id='word_1_188' title='bbox 697 2337 816 2395; x_wconf 83' lang='lat' dir='ltr'><em>dotum:</em></span> <span class='ocrx_word' id='word_1_189' title='bbox 848 2345 993 2397; x_wconf 82' lang='lat' dir='ltr'><em>eunotutor</em></span> <span class='ocrx_word' id='word_1_190' title='bbox 1022 2345 1129 2397; x_wconf 83' lang='lat' dir='ltr'><em>notura</em></span> <span class='ocrx_word' id='word_1_191' title='bbox 1161 2346 1186 2398; x_wconf 88' lang='lat' dir='ltr'><em>et</em></span> <span class='ocrx_word' id='word_1_192' title='bbox 1214 2341 1263 2399; x_wconf 86' lang='lat' dir='ltr'><em>eui</em></span> 
     </span>
     <span class='ocr_line' id='line_1_43' title="bbox 697 2440 1261 2515; baseline 0.009 -19"><span class='ocrx_word' id='word_1_193' title='bbox 697 2445 780 2497; x_wconf 79' lang='grc' dir='ltr'><strong><em>σακία</em></strong></span> <span class='ocrx_word' id='word_1_194' title='bbox 797 2440 898 2515; x_wconf 80' lang='lat' dir='ltr'><em>potins</em></span> <span class='ocrx_word' id='word_1_195' title='bbox 919 2441 1040 2499; x_wconf 83' lang='lat' dir='ltr'><em>oonsilio</em></span> <span class='ocrx_word' id='word_1_196' title='bbox 1061 2461 1128 2500; x_wconf 80' lang='lat' dir='ltr'><em>euru</em></span> <span class='ocrx_word' id='word_1_197' title='bbox 1149 2443 1261 2502; x_wconf 80' lang='lat' dir='ltr'><em>ratione</em></span> 
     </span>
     <span class='ocr_line' id='line_1_44' title="bbox 697 2544 1259 2618; baseline 0.007 -20"><span class='ocrx_word' id='word_1_198' title='bbox 697 2560 783 2615; x_wconf 83' lang='lat' dir='ltr'><em>quarn</em></span> <span class='ocrx_word' id='word_1_199' title='bbox 803 2561 943 2617; x_wconf 70' lang='lat' dir='ltr'><em>rnospern</em></span> <span class='ocrx_word' id='word_1_200' title='bbox 965 2562 998 2601; x_wconf 82' lang='lat' dir='ltr'><em>en</em></span> <span class='ocrx_word' id='word_1_201' title='bbox 1019 2562 1088 2601; x_wconf 66' lang='grc' dir='ltr'><strong><em>σασα</em></strong></span> <span class='ocrx_word' id='word_1_202' title='bbox 1107 2544 1259 2618; x_wconf 77' lang='grc' dir='ltr'><strong><em>ηνῖαοινοαι,</em></strong></span> 
     </span>
     <span class='ocr_line' id='line_1_45' title="bbox 695 2643 1259 2722; baseline 0.007 -22"><span class='ocrx_word' id='word_1_203' title='bbox 695 2643 830 2718; x_wconf 75' lang='lat' dir='ltr'><em>compteri</em></span> <span class='ocrx_word' id='word_1_204' title='bbox 855 2644 960 2722; x_wconf 78' lang='lat' dir='ltr'><em>fossos,</em></span> <span class='ocrx_word' id='word_1_205' title='bbox 983 2645 1094 2720; x_wconf 79' lang='lat' dir='ltr'><em>operiri</em></span> <span class='ocrx_word' id='word_1_206' title='bbox 1112 2664 1259 2721; x_wconf 79' lang='lat' dir='ltr'><em>ounrpurn,</em></span> 
     </span>
     <span class='ocr_line' id='line_1_46' title="bbox 691 2745 1258 2824; baseline 0.005 -21"><span class='ocrx_word' id='word_1_207' title='bbox 691 2745 787 2820; x_wconf 80' lang='lat' dir='ltr'><em>pondi</em></span> <span class='ocrx_word' id='word_1_208' title='bbox 807 2746 896 2804; x_wconf 73' lang='lat' dir='ltr'><em>ueiens</em></span> <span class='ocrx_word' id='word_1_209' title='bbox 919 2747 1037 2824; x_wconf 72' lang='lat' dir='ltr'><em>iubebat,</em></span> <span class='ocrx_word' id='word_1_210' title='bbox 1055 2749 1128 2806; x_wconf 88' lang='lat' dir='ltr'><em>sutis</em></span> <span class='ocrx_word' id='word_1_211' title='bbox 1143 2749 1197 2807; x_wconf 87' lang='lat' dir='ltr'><em>u&#39;to</em></span> <span class='ocrx_word' id='word_1_212' title='bbox 1211 2749 1258 2806; x_wconf 87' lang='lat' dir='ltr'><em>in-</em></span> 
     </span>
     <span class='ocr_line' id='line_1_47' title="bbox 695 2848 1259 2925; baseline 0.007 -21"><span class='ocrx_word' id='word_1_213' title='bbox 695 2848 754 2923; x_wconf 79' lang='lat' dir='ltr'><em>eipi</em></span> <span class='ocrx_word' id='word_1_214' title='bbox 785 2849 934 2907; x_wconf 78' lang='lat' dir='ltr'><em>uictoriam</em></span> <span class='ocrx_word' id='word_1_215' title='bbox 967 2855 1056 2923; x_wconf 76' lang='lat' dir='ltr'><em>ratus,</em></span> <span class='ocrx_word' id='word_1_216' title='bbox 1091 2851 1140 2908; x_wconf 85' lang='lat' dir='ltr'><em>ubi</em></span> <span class='ocrx_word' id='word_1_217' title='bbox 1160 2849 1259 2925; x_wconf 77' lang='lat' dir='ltr'><em>proni·</em></span> 
     </span>
     <span class='ocr_line' id='line_1_48' title="bbox 695 2951 1259 3025; baseline 0.005 -18"><span class='ocrx_word' id='word_1_218' title='bbox 695 2969 763 3008; x_wconf 79' lang='lat' dir='ltr'><em>sune</em></span> <span class='ocrx_word' id='word_1_219' title='bbox 798 2952 880 3025; x_wconf 85' lang='lat' dir='ltr'><em>soret,</em></span> <span class='ocrx_word' id='word_1_220' title='bbox 914 2971 950 3010; x_wconf 86' lang='lat' dir='ltr'><em>no</em></span> <span class='ocrx_word' id='word_1_221' title='bbox 982 2951 1168 3011; x_wconf 69' lang='lat' dir='ltr'><em>intuerentur.</em></span> <span class='ocrx_word' id='word_1_222' title='bbox 1212 2953 1259 3010; x_wconf 84' lang='grc' dir='ltr'><em>Εα</em></span> 
     </span>
     <span class='ocr_line' id='line_1_49' title="bbox 694 3054 1259 3130; baseline 0.007 -20"><span class='ocrx_word' id='word_1_223' title='bbox 694 3054 870 3112; x_wconf 84' lang='lat' dir='ltr'><em>eunotntione</em></span> <span class='ocrx_word' id='word_1_224' title='bbox 887 3055 1016 3130; x_wconf 75' lang='lat' dir='ltr'><em>spatium</em></span> <span class='ocrx_word' id='word_1_225' title='bbox 1036 3055 1196 3114; x_wconf 85' lang='lat' dir='ltr'><em>Vitettinnis</em></span> <span class='ocrx_word' id='word_1_226' title='bbox 1207 3055 1259 3113; x_wconf 83' lang='lat' dir='ltr'><em>du-</em></span> 
     </span>
     <span class='ocr_line' id='line_1_50' title="bbox 694 3157 1256 3232; baseline 0.009 -20"><span class='ocrx_word' id='word_1_227' title='bbox 694 3161 756 3212; x_wconf 85' lang='lat' dir='ltr'><em>tum</em></span> <span class='ocrx_word' id='word_1_228' title='bbox 780 3202 786 3214; x_wconf 93' lang='lat'><em>.</em></span> <span class='ocrx_word' id='word_1_229' title='bbox 811 3201 818 3215; x_wconf 89' lang='lat'>.</span> <span class='ocrx_word' id='word_1_230' title='bbox 843 3203 848 3215; x_wconf 93' lang='lat'>.</span> <span class='ocrx_word' id='word_1_231' title='bbox 871 3157 1034 3232; x_wconf 80' lang='lat' dir='ltr'><em>o·efu9ieneti</em></span> <span class='ocrx_word' id='word_1_232' title='bbox 1066 3204 1072 3216; x_wconf 94' lang='lat'>.</span> <span class='ocrx_word' id='word_1_233' title='bbox 1096 3204 1102 3216; x_wconf 89' lang='lat'>.</span> <span class='ocrx_word' id='word_1_234' title='bbox 1126 3205 1132 3216; x_wconf 93' lang='lat'>.</span> <span class='ocrx_word' id='word_1_235' title='bbox 1156 3159 1183 3216; x_wconf 89' lang='grc' dir='ltr'><em>ΙΙ</em></span> <span class='ocrx_word' id='word_1_236' title='bbox 1217 3160 1256 3218; x_wconf 84' lang='grc'><em>26</em></span> 
     </span>
     <span class='ocr_line' id='line_1_51' title="bbox 698 3257 1256 3337; baseline 0.007 -22"><span class='ocrx_word' id='word_1_237' title='bbox 698 3257 826 3316; x_wconf 83' lang='lat' dir='ltr'><em>Ceterum</em></span> <span class='ocrx_word' id='word_1_238' title='bbox 860 3278 892 3317; x_wconf 86' lang='lat' dir='ltr'><em>eo</em></span> <span class='ocrx_word' id='word_1_239' title='bbox 922 3259 1026 3336; x_wconf 81' lang='lat' dir='ltr'><em>ubique</em></span> <span class='ocrx_word' id='word_1_240' title='bbox 1047 3261 1175 3335; x_wconf 83' lang='lat' dir='ltr'><em>formido</em></span> <span class='ocrx_word' id='word_1_241' title='bbox 1196 3262 1256 3337; x_wconf 82' lang='lat' dir='ltr'><em>fuit</em></span> 
     </span>
     <span class='ocr_line' id='line_1_52' title="bbox 692 3360 1256 3440; baseline 0.009 -23"><span class='ocrx_word' id='word_1_242' title='bbox 692 3360 772 3435; x_wconf 78' lang='lat' dir='ltr'><em>upuet</em></span> <span class='ocrx_word' id='word_1_243' title='bbox 791 3361 934 3436; x_wconf 75' lang='lat' dir='ltr'><em>fuqientes</em></span> <span class='ocrx_word' id='word_1_244' title='bbox 945 3369 1132 3440; x_wconf 80' lang='lat' dir='ltr'><em>oooursantes,</em></span> <span class='ocrx_word' id='word_1_245' title='bbox 1150 3364 1184 3422; x_wconf 86' lang='lat' dir='ltr'><em>in</em></span> <span class='ocrx_word' id='word_1_246' title='bbox 1198 3365 1256 3422; x_wconf 83' lang='grc' dir='ltr'><strong><em>σοῖο</em></strong></span> 
     </span>
     <span class='ocr_line' id='line_1_53' title="bbox 689 3462 1256 3536; baseline 0.011 -17"><span class='ocrx_word' id='word_1_247' title='bbox 689 3480 744 3536; x_wconf 79' lang='lat' dir='ltr'><em>nro</em></span> <span class='ocrx_word' id='word_1_248' title='bbox 765 3462 848 3535; x_wconf 85' lang='lat' dir='ltr'><em>notio,</em></span> <span class='ocrx_word' id='word_1_249' title='bbox 872 3470 904 3521; x_wconf 93' lang='lat' dir='ltr'><em>ut</em></span> <span class='ocrx_word' id='word_1_250' title='bbox 926 3465 1012 3522; x_wconf 80' lang='lat' dir='ltr'><em>delui</em></span> <span class='ocrx_word' id='word_1_251' title='bbox 1032 3484 1099 3522; x_wconf 78' lang='lat' dir='ltr'><em>ouon</em></span> <span class='ocrx_word' id='word_1_252' title='bbox 1121 3466 1256 3525; x_wconf 85' lang='lat' dir='ltr'><em>uniuerso</em></span> 
     </span>
     <span class='ocr_line' id='line_1_54' title="bbox 691 3567 1257 3642; baseline 0.009 -19"><span class='ocrx_word' id='word_1_253' title='bbox 691 3567 813 3624; x_wconf 83' lang='lat' dir='ltr'><em>eueroitu</em></span> <span class='ocrx_word' id='word_1_254' title='bbox 861 3567 1011 3625; x_wconf 81' lang='lat' dir='ltr'><em>Ooeoinum</em></span> <span class='ocrx_word' id='word_1_255' title='bbox 1043 3568 1184 3642; x_wconf 79' lang='lat' dir='ltr'><em>potuisse,</em></span> <span class='ocrx_word' id='word_1_256' title='bbox 1222 3570 1257 3628; x_wconf 91' lang='lat' dir='ltr'><em>ni</em></span> 
     </span>
     <span class='ocr_line' id='line_1_55' title="bbox 694 3667 1255 3747; baseline 0.011 -22"><span class='ocrx_word' id='word_1_257' title='bbox 694 3667 851 3726; x_wconf 87' lang='lat' dir='ltr'><em>Suetonius</em></span> <span class='ocrx_word' id='word_1_258' title='bbox 874 3669 1021 3727; x_wconf 85' lang='lat' dir='ltr'><em>Pontinus</em></span> <span class='ocrx_word' id='word_1_259' title='bbox 1042 3672 1167 3747; x_wconf 78' lang='lat' dir='ltr'><em>receptui</em></span> <span class='ocrx_word' id='word_1_260' title='bbox 1187 3672 1255 3730; x_wconf 75' lang='lat' dir='ltr'><em>oeci-</em></span> 
     </span>
     <span class='ocr_line' id='line_1_56' title="bbox 690 3770 1253 3849; baseline 0.012 -23"><span class='ocrx_word' id='word_1_261' title='bbox 690 3770 787 3840; x_wconf 81' lang='lat' dir='ltr'><em>nisset‚</em></span> <span class='ocrx_word' id='word_1_262' title='bbox 819 3771 949 3846; x_wconf 85' lang='lat' dir='ltr'><em>utrisque</em></span> <span class='ocrx_word' id='word_1_263' title='bbox 979 3772 1012 3830; x_wconf 86' lang='lat' dir='ltr'><em>in</em></span> <span class='ocrx_word' id='word_1_264' title='bbox 1033 3774 1169 3848; x_wconf 74' lang='lat' dir='ltr'><em>partibus</em></span> <span class='ocrx_word' id='word_1_265' title='bbox 1187 3792 1253 3849; x_wconf 83' lang='lat' dir='ltr'><em>per·</em></span> 
     </span>
     <span class='ocr_line' id='line_1_57' title="bbox 689 3871 1254 3934; baseline 0.009 -5"><span class='ocrx_word' id='word_1_266' title='bbox 689 3871 849 3931; x_wconf 74' lang='lat' dir='ltr'><em>crebruerit.</em></span> <span class='ocrx_word' id='word_1_267' title='bbox 889 3873 1032 3932; x_wconf 64' lang='lat' dir='ltr'><em>timuisse</em></span> <span class='ocrx_word' id='word_1_268' title='bbox 1053 3894 1083 3933; x_wconf 88' lang='lat' dir='ltr'><em>se</em></span> <span class='ocrx_word' id='word_1_269' title='bbox 1105 3875 1254 3934; x_wconf 85' lang='lat' dir='ltr'><em>Pontinus</em></span> 
     </span>
     <span class='ocr_line' id='line_1_58' title="bbox 688 3975 1253 4052; baseline 0.005 -19"><span class='ocrx_word' id='word_1_270' title='bbox 688 3975 794 4050; x_wconf 82' lang='lat' dir='ltr'><em>ferebat</em></span> <span class='ocrx_word' id='word_1_271' title='bbox 816 3980 931 4034; x_wconf 83' lang='lat' dir='ltr'><em>tanturn</em></span> <span class='ocrx_word' id='word_1_272' title='bbox 952 3977 1074 4052; x_wconf 75' lang='lat' dir='ltr'><em>insuper</em></span> <span class='ocrx_word' id='word_1_273' title='bbox 1093 3978 1253 4036; x_wconf 73' lang='lat' dir='ltr'><em>intronisat-</em></span> 
     </span>
     <span class='ocr_line' id='line_1_59' title="bbox 688 4076 1254 4155; baseline 0.004 -19"><span class='ocrx_word' id='word_1_274' title='bbox 688 4096 741 4153; x_wconf 83' lang='grc' dir='ltr'><strong><em>ηαο</em></strong></span> <span class='ocrx_word' id='word_1_275' title='bbox 762 4076 876 4136; x_wconf 86' lang='lat' dir='ltr'><em>itineris</em></span> <span class='ocrx_word' id='word_1_276' title='bbox 899 4124 905 4136; x_wconf 93' lang='lat'><strong>.</strong></span> <span class='ocrx_word' id='word_1_277' title='bbox 930 4125 936 4137; x_wconf 91' lang='lat'>.</span> <span class='ocrx_word' id='word_1_278' title='bbox 962 4124 969 4136; x_wconf 89' lang='lat'><strong>.</strong></span> <span class='ocrx_word' id='word_1_279' title='bbox 991 4080 1080 4155; x_wconf 81' lang='lat' dir='ltr'><em>Apud</em></span> <span class='ocrx_word' id='word_1_280' title='bbox 1095 4098 1206 4155; x_wconf 76' lang='lat' dir='ltr'><em>pausos</em></span> <span class='ocrx_word' id='word_1_281' title='bbox 1220 4099 1254 4139; x_wconf 89' lang='lat' dir='ltr'><em>eu</em></span> 
     </span>
     <span class='ocr_line' id='line_1_60' title="bbox 687 4179 1251 4256; baseline 0.004 -18"><span class='ocrx_word' id='word_1_282' title='bbox 687 4179 769 4238; x_wconf 77' lang='lat' dir='ltr'><em>diesis</em></span> <span class='ocrx_word' id='word_1_283' title='bbox 790 4181 865 4238; x_wconf 85' lang='lat' dir='ltr'><em>ratio</em></span> <span class='ocrx_word' id='word_1_284' title='bbox 882 4181 1013 4255; x_wconf 80' lang='lat' dir='ltr'><em>probatu,</em></span> <span class='ocrx_word' id='word_1_285' title='bbox 1035 4182 1068 4239; x_wconf 86' lang='lat' dir='ltr'><em>in</em></span> <span class='ocrx_word' id='word_1_286' title='bbox 1083 4183 1186 4256; x_wconf 68' lang='lat' dir='ltr'><em>uulnus</em></span> <span class='ocrx_word' id='word_1_287' title='bbox 1201 4183 1251 4240; x_wconf 86' lang='lat' dir='ltr'><em>uot-</em></span> 
     </span>
     <span class='ocr_line' id='line_1_61' title="bbox 687 4284 1249 4358; baseline 0.005 -18"><span class='ocrx_word' id='word_1_288' title='bbox 687 4300 766 4340; x_wconf 83' lang='lat' dir='ltr'><em>uorso</em></span> <span class='ocrx_word' id='word_1_289' title='bbox 797 4301 914 4341; x_wconf 82' lang='lat' dir='ltr'><em>rnrnore</em></span> <span class='ocrx_word' id='word_1_290' title='bbox 945 4284 1012 4358; x_wconf 81' lang='lat' dir='ltr'><em>suit.</em></span> <span class='ocrx_word' id='word_1_291' title='bbox 1057 4284 1115 4343; x_wconf 78' lang='lat' dir='ltr'><em>cfr.</em></span> <span class='ocrx_word' id='word_1_292' title='bbox 1150 4285 1178 4343; x_wconf 88' lang='grc' dir='ltr'><em>ΙΙ</em></span> <span class='ocrx_word' id='word_1_293' title='bbox 1211 4286 1249 4344; x_wconf 85' lang='grc'><em>23</em></span> 
     </span>
    </p>
   </div>
   <div class='ocr_carea' id='block_1_9' title="bbox 0 0 1494 4800">
    <p class='ocr_par' dir='ltr' id='par_1_9' title="bbox 0 0 1494 4800">
     <span class='ocr_line' id='line_1_62' title="bbox 0 0 1494 4800; baseline 0 7"><span class='ocrx_word' id='word_1_294' title='bbox 0 0 1494 4800; x_wconf 95' lang='lat' dir='ltr'><em> </em></span> 
     </span>
    </p>
   </div>
  </div>
 </body>
</html>
