2978 4800
196 241 252 288 XII

154 420 366 505 crepantias
412 419 595 504 quasdam
642 421 848 505 expiscari,
876 419 1026 498 nodum,
1062 424 1102 486 ut
1144 420 1259 498 aiunt,
1297 421 1335 486 in

155 541 277 625 scirpo
315 544 568 625 quaerentem.
627 539 771 606 Scilicet
799 539 939 625 aliquid
968 557 1114 624 semper
1143 540 1335 606 varietatis

156 659 252 725 inter
271 660 508 726 narrationes
537 659 700 726 indidem
725 663 827 725 ortas
846 677 998 726 necesse
1018 663 1074 725 est
1092 659 1334 738 intercedere,

154 779 239 863 plus
268 780 452 858 minusve,
481 798 551 864 pro
580 798 633 857 eo,
660 783 702 845 ut
731 784 787 845 cst
805 782 937 863 captus
956 778 1178 862 scriptorum
1199 784 1236 846 et
1256 778 1337 846 dili-

154 900 298 985 gentia;
337 899 407 965 hoc
447 917 539 965 vero
586 897 713 984 Groag
758 917 914 983 prorsus
960 897 1135 985 neglegit.
1193 898 1336 975 Quodsi

156 1019 309 1085 omnino
337 1019 464 1085 Tacito
492 1038 584 1085 usus
613 1037 688 1084 non
717 1024 774 1085 est
800 1016 1034 1096 Plutarchus,
1062 1019 1235 1102 quamvis
1255 1038 1337 1103 spe·

152 1139 252 1205 ciosa
292 1139 340 1205 sit
376 1138 530 1226 Groagii
560 1138 668 1216 ratio,
698 1156 833 1204 vereor
862 1157 907 1203 ne
936 1136 1051 1204 multo
1078 1138 1215 1204 rectius
1243 1139 1336 1206 iudi·

153 1258 322 1325 caverint
340 1259 577 1343 superiores
606 1277 687 1324 cum
717 1276 832 1324 unum
863 1261 1050 1323 auctorem
1080 1276 1100 1323 a
1129 1257 1254 1324 Tacito
1276 1278 1336 1325 ex-

154 1377 331 1462 scriptum
361 1397 443 1444 esse
473 1378 648 1444 dicerent.

256 1497 331 1563 Nec
363 1516 453 1563 vero
480 1516 606 1565 rerum
633 1497 745 1563 modo
774 1498 882 1582 quasi
911 1497 1054 1575 silvam,
1082 1496 1147 1563 sed
1175 1497 1334 1563 formam

153 1617 272 1701 ipsam
315 1617 439 1701 operis
486 1616 710 1701 dicendique
751 1637 871 1704 genus
912 1635 1132 1702 pernecesse
1173 1621 1229 1683 est
1270 1617 1333 1682 alii

154 1736 324 1821 scriptori
354 1736 490 1804 debeat
518 1737 678 1816 Tacitus,
701 1738 731 1803 si
751 1737 875 1804 omnia
898 1736 1086 1803 Plutarchi
1107 1755 1127 1802 e
1147 1738 1332 1803 communi

152 1855 256 1922 fonte
289 1855 491 1923 fluxerunt.
548 1856 603 1922 De
636 1856 706 1923 hoc
734 1856 815 1922 loco
843 1855 958 1941 paulo
984 1855 1105 1923 fusius
1134 1856 1333 1922 dicendum

153 1975 314 2054 videtur,
344 1976 446 2060 quod
487 1977 524 2041 in
563 1981 667 2043 tanta
705 1977 863 2061 penuria
900 1995 1028 2042 earum
1064 1995 1201 2054 rerum,
1230 1976 1333 2042 unde

152 2096 241 2162 certi
279 2095 419 2180 aliquid
453 2095 499 2162 de
532 2095 700 2162 fontibus
727 2095 918 2162 Plutarchi
946 2100 982 2162 et
1010 2095 1124 2162 Taciti
1153 2095 1331 2174 discatur,

152 2214 245 2281 haec
276 2214 378 2281 haud
411 2215 486 2281 scio
520 2235 567 2282 an
595 2215 785 2282 uberrima
814 2216 861 2282 sit
889 2220 1194 2303 argumentorum
1223 2215 1332 2282 sedes

153 2339 189 2401 et
215 2334 412 2413 tutissima,
442 2353 540 2419 quae
568 2345 624 2402 est
652 2336 689 2402 in
717 2335 864 2422 magnis
893 2334 1094 2401 verborum
1128 2334 1334 2402 similitudi-

152 2454 264 2521 nibus
284 2447 319 2541 ll,
361 2454 481 2531 Quam
510 2455 547 2520 in
576 2455 868 2540 disputationem
898 2459 1099 2539 antequam
1126 2455 1331 2541 ingrediar,

152 2575 255 2641 haud
285 2574 446 2641 alienum
481 2575 594 2641 luerit
625 2576 792 2660 praefari
819 2594 895 2641 non
923 2594 980 2641 me
1010 2576 1057 2641 ab
1087 2575 1332 2642 admiratione

152 2694 267 2760 Taciti
304 2694 490 2779 proficisci
527 2696 636 2780 quasi
675 2695 859 2780 quendam
898 2695 1021 2761 famae
1054 2695 1134 2761 eius
1163 2694 1332 2761 defenso-

150 2833 245 2894 rem;
275 2814 417 2899 quoin
445 2833 583 2901 genere
610 2814 733 2882 fateor
760 2816 974 2900 peccavisse
1003 2833 1078 2881 non
1098 2815 1232 2893 nullos,
1254 2816 1334 2900 qui-

151 2932 223 3000 bus
264 2934 352 3000 dum
394 2935 638 3022 praestringit
679 2935 793 3002 aciem
835 2934 968 3002 mentis
1009 2935 1137 3022 magni
1172 2935 1333 3001 nominis

154 3053 345 3137 splendor,
375 3054 447 3139 ipsi
475 3059 628 3121 nostrae
656 3073 793 3121 causae
821 3055 1040 3121 offecerant.
1084 3055 1201 3120 Immo
1221 3053 1333 3121 debet

151 3191 233 3238 esse
276 3172 441 3240 amicus
477 3174 621 3252 Plato,
657 3174 737 3240 sed
778 3174 922 3260 magis
965 3175 1104 3240 amica
1139 3174 1330 3240 veritas

152 3291 290 3359 Verum
320 3296 453 3372 tamen,
481 3293 701 3379 priusquam
727 3294 893 3360 Tacitum
921 3293 1120 3360 concludas
1149 3312 1223 3360 non
1254 3297 1331 3359 tan·

151 3416 228 3479 tum
270 3412 399 3479 eadem
442 3412 564 3479 dicere
603 3418 715 3498 atque
755 3418 942 3480 auctorem
980 3413 1068 3492 eius,
1097 3414 1162 3480 sed
1201 3413 1332 3479 eodem

150 3532 263 3598 modo
288 3533 398 3598 etiam
418 3533 551 3612 dicere,
572 3534 701 3619 utique
721 3534 978 3618 quaerendum
998 3537 1065 3612 est,
1086 3552 1199 3618 quam
1214 3551 1332 3618 prope

151 3652 387 3737 superiorum
430 3653 478 3719 ad
522 3652 800 3720 similitudinem
844 3653 1019 3719 accedere
1052 3653 1195 3719 licuerit
1222 3653 1332 3737 primi

152 3770 289 3837 saeculi
318 3772 508 3838 annalium
538 3772 792 3857 scriptoribus.
834 3772 944 3849 Quod
964 3772 1144 3861 cohaeret
1157 3791 1238 3838 cum
1260 3772 1333 3838 alio

163 3937 355 3944 --———.›

254 4037 278 4115 ¹)
300 4041 347 4098 Ad
377 4040 469 4099 Taciti
492 4041 529 4099 de
556 4042 728 4117 republica
751 4042 916 4101 sententias
939 4061 998 4118 quc
1022 4043 1120 4101 minus
1136 4042 1213 4100 hanc
1231 4043 1332 4117 cogni·

149 4142 259 4200 tionem
294 4143 411 4216 referas,
443 4144 571 4202 deterret
594 4143 765 4220 exemplum
789 4143 937 4219 Nissenii3
962 4146 1014 4202 clr.
1038 4142 1216 4203 Gutschmid
1239 4164 1268 4221 p.
1292 4147 1331 4204 23

150 4245 217 4302 adn.
243 4248 268 4302 1.
