2978 4800
1229 282 1288 340 133

149 470 285 537 τεσθαι
312 472 368 534 est
396 469 495 534 irent
514 488 689 559 propera
720 465 793 535 τῶν
821 466 1073 566 συγκλητικῶν
1100 490 1183 538 cum
1207 472 1332 559 diput-

150 590 210 653 taa
238 587 531 672 comparandum
559 580 667 673 est1).

255 707 369 774 4-6.
427 708 532 784 Quae
568 708 686 775 verba
723 709 870 776 Tacitus
899 709 937 775 in
966 711 1169 777 earundem
1207 730 1332 777 rerum

151 827 248 894 serie
284 828 401 912 ponit,
440 847 487 894 ex
519 828 563 894 iis
591 848 666 896 non
695 829 785 895 satis
813 829 1007 896 intellectis
1036 830 1246 897 derivatum
1275 850 1333 896 su-

150 948 275 1032 spicor
301 947 422 1014 locum
450 948 651 1015 Plutarchi.
713 949 800 1031 Τοῖς
827 947 865 1016 di·
892 939 946 1044 μὴ
976 947 1162 1042 παροῦσιν
1191 955 1246 1017 est
1270 951 1333 1017 ob·

151 1068 340 1147 canticare,
369 1059 567 1161 γράμματα
596 1074 682 1135 sunt
709 1069 834 1135 libelli
861 1070 1120 1155 epistolaeque
1134 1062 1172 1154 ²).

257 1188 387 1254 6-15.
442 1187 583 1255 Dubito
625 1208 673 1254 an
714 1208 813 1273 quae
841 1187 942 1256 Otho
973 1188 1217 1255 Cocceianum
1247 1190 1333 1256 allo·

152 1306 281 1392 quitur
318 1305 366 1373 ab
402 1326 478 1373 uno
511 1307 637 1375 Tacito
673 1307 813 1374 habeat
840 1308 1063 1375 Plutarchus
1077 1301 1116 1393 3).
1168 1310 1332 1375 Primum

151 1427 189 1492 in
219 1447 254 1491 v.
285 1425 387 1493 6-9
416 1418 481 1496 τὸν
518 1419 742 1523 ἀδελφιδοῦν
784 1419 1011 1523 Κοκκήϊον4)
1053 1431 1105 1497 ἔτι
1146 1420 1335 1522 μειράκιον

152 1536 245 1616 ὅντα
292 1565 373 1612 curn
427 1546 685 1625 Cocceianum,
734 1547 868 1613 fratris
916 1546 1058 1625 filium,
1100 1549 1233 1634 prima
1279 1547 1335 1613 ιά-

152 1669 264 1732 οοαία
311 1666 358 1733 ad
404 1665 562 1733 verbum
607 1668 795 1754 congruit;
838 1672 994 1764 θαρρεῖν
1044 1659 1234 1762 παρεκάλει
1279 1673 1335 1734 est

152 1786 344 1872 trepidum
378 1789 411 1852 et
442 1790 670 1853 moerentem
702 1788 801 1854 ultro
836 1788 982 1854 solutas
1015 1791 1082 1867 est3
1114 1786 1174 1855 καὶ
1202 1780 1256 1882 μὴ
1283 1787 1335 1855 de·

152 1904 269 1975 διέναι
315 1896 544 1988 Οὐϊτελλιον,
587 1894 633 1974 οὗ
669 1907 729 1976 καὶ
765 1911 907 2002 μητέρα
944 1904 1005 1974 καὶ
1033 1899 1158 1996 ’γενεὰν
1185 1905 1247 1975 καὶ
1274 1930 1335 1995 yv-

152 2035 262 2093 ναῑκα
291 2047 321 2092 κ.
357 2050 387 2094 ν.
422 2026 452 2094 λ.
468 2018 495 2110 5)
531 2031 586 2093 est
622 2028 845 2112 castipundo
889 2025 1151 2094 formidinem:
1189 2045 1242 2091 αιι
1279 2027 1335 2091 Vi-

151 2145 301 2211 talliam
343 2149 422 2212 tam
463 2146 613 2212 inmitis
653 2147 780 2213 animi
825 2146 914 2225 fore,
959 2150 1000 2213 ut
1029 2167 1103 2232 pro
1149 2144 1335 2213 incolumi

257 2484 278 2560 ¹)
305 2482 371 2546 Τῶν
386 2483 578 2566 συγκλητικῶν
593 2479 661 2553 τοὺς
674 2478 827 2564 παρόντας
842 2485 887 2556 iis,
904 2503 981 2560 quae
997 2492 1163 2560 sequuntur
1179 2487 1218 2559 (v.
1230 2486 1334 2558 4--ol,

151 2587 328 2663 opponitur3
358 2586 385 2649 oi
410 2581 554 2667 παρόντες
585 2604 727 2662 persaepe
749 2606 766 2644 a
789 2585 900 2645 Graeco
925 2587 1070 2662 scriptore
1094 2587 1179 2644 video
1202 2587 1333 2645 infulciri

150 2690 215 2766 (cfr.
238 2688 272 2748 G.
297 2691 345 2762 23,
370 2702 412 2765 193
439 2691 487 2761 25,
510 2702 538 2764 63
564 2686 595 2747 Ο.
622 2692 649 2760 1,
671 2695 705 2764 ο).
1001 2672 1003 2676 ’

256 2810 280 2883 ²)
312 2808 358 2868 Ne
385 2827 433 2868 me
456 2810 563 2885 cupide
585 2827 672 2884 agere
695 2815 793 2884 puteS,
814 2809 944 2867 adferam
969 2808 1057 2867 verba
1080 2809 1181 2866 Hardii
1205 2827 1232 2884 p.
1258 2810 1333 2867 270:

151 2912 261 2972 »There
294 2930 390 2971 seems
424 2930 463 2969 no
496 2930 602 2970 reason
633 2911 704 2985 why
738 2909 815 2970 Otho
847 2911 956 2970 should
989 2911 1063 2969 have
1097 2912 1217 2970 written
1251 2912 1335 2970 these

151 3016 257 3074 letters
280 3015 353 3089 only
376 3017 423 3073 for
445 3015 529 3074 those
552 3015 621 3072 who
640 3027 718 3072 were
734 3015 847 3087 absent,
864 3031 897 3072 as
915 3015 965 3072 the
980 3015 1081 3072 others
1097 3014 1197 3072 would
1214 3013 1334 3090 equally

151 3119 228 3176 need
261 3118 425 3176 assistance
457 3135 495 3175 on
525 3117 603 3176 their
623 3116 750 3192 journey
774 3162 781 3175 .
805 3162 811 3173 .
835 3161 841 3173 .
864 3116 879 3173 Ι
903 3116 1016 3174 believe
1039 3116 1102 3174 that
1125 3116 1176 3174 the
1198 3134 1335 3174 common

151 3221 305 3294 authority
331 3220 394 3278 also
430 3220 504 3278 used
537 3220 588 3278 the
623 3220 706 3277 word
738 3219 919 3291 αλιοανιλιλναο,
949 3218 1007 3276 and
1030 3219 1094 3276 that
1116 3218 1256 3276 Plutarch
1280 3219 1334 3276 has

153 3323 378 3382 mistranslated
403 3323 464 3380 this
486 3323 526 3395 by
549 3329 609 3391 τοῖς
630 3315 668 3402 μὴ
690 3321 854 3401 παροῦσιν».
899 3321 1049 3380 Plutarchi
1073 3322 1200 3379 narratio
1225 3340 1283 3379 non
1300 3339 1335 3379 eo

153 3427 371 3502 comprobatur,
404 3425 484 3501 quod
516 3430 569 3482 aut
591 3424 621 3481 11
645 3426 684 3483 52
708 3442 816 3498 caepae
842 3442 916 3499 pars
946 3429 1064 3481 serratus
1086 3423 1216 3481 Mutinae
1238 3423 1336 3481 relr'ctu

153 3535 399 3588 commemoratur
422 3533 474 3586 aut
490 3527 518 3584 ll
535 3528 575 3585 54
592 3526 712 3584 Coenus
728 3526 886 3584 libertinus
903 3526 1072 3601 diplomatis
1089 3524 1213 3584 Othonis
1230 3526 1333 3584 utitur.

153 3632 211 3691 Sed
244 3632 316 3689 adeo
348 3629 497 3688 Tacitum
515 3629 645 3687 auctoris
674 3629 841 3686 communis
870 3627 995 3686 similem
1019 3628 1121 3701 fuisse,
1145 3633 1179 3685 ut
1201 3628 1334 3686 eiusdem

152 3736 241 3794 errati
265 3742 368 3810 posset
390 3750 456 3791 esse
479 3749 578 3805 causa,
602 3731 710 3788 Hardio
733 3730 813 3787 haud
835 3730 991 3788 assentior.

257 3854 280 3922 ³)
303 3854 408 3912 Differt
437 3851 600 3911 Suetonius
622 3856 652 3909 et
675 3850 754 3926 quod
788 3851 906 3908 fratrem
940 3849 1065 3910 Othonis
1099 3853 1171 3910 dicit
1203 3851 1336 3909 adfuisse

154 3958 280 4033 fallitur3
304 3959 357 4015 cir.
380 3956 494 4014 Krauss
518 3972 547 4030 p.
571 3956 620 4027 26,
643 3953 728 4010 Fabia
751 3971 779 4028 p.
805 3955 874 4012 141.

257 4074 281 4153 4)
304 4077 369 4135 Ηοο
397 4075 537 4134 mendum
560 4073 745 4131 librariorum
769 4081 816 4131 est
839 4091 892 4148 pro
916 4065 1108 4154 Κοκκρϊανὸν.
1152 4072 1200 4131 Sic
1223 4071 1333 4130 Nissen

154 4201 183 4258 p.
208 4182 268 4240 544
291 4180 359 4237 adn.
386 4183 411 4237 1.

257 4302 282 4378 ὅ)
305 4300 363 4359 Cir.
386 4299 423 4357 ad
445 4297 477 4355 P.
501 4294 534 4354 Ο.
559 4298 576 4354 5
602 4313 628 4352 v.
653 4296 765 4353 9-11.
