2978 4800
206 466 329 525 11-16
356 464 415 546 Τῆς
437 460 467 527 δὲ
480 457 587 544 Ῥώμης
602 457 723 544 φύλακα

158 561 314 631 Φλαούιον
341 571 477 647 Σαβῖνον,
500 557 624 645 ἀδελφὸν
654 559 724 628 ote-

151 661 722 748 σπεσιανοῦ,νιατε’στησεν,είτεκαὶτοῦτο

149 767 271 853 πράξας
301 766 346 834 ἐπὶ
377 769 444 850 τιμῇ
476 770 620 852 Νέρωνος
641 769 721 850 (παρ’

153 873 263 938 ἐκείνου
297 867 353 954 γάρ
386 867 495 953 εἰλήφει
527 869 577 951 την
599 864 722 952 άρχὴνὸ

152 981 292 1058 Σαβῖνος,
320 972 453 1054 ἀφειλετο
476 971 506 1036 δὲ
527 969 651 1058 Γάλβας
673 974 723 1037 al·

153 1073 229 1155 τόν),
262 1075 320 1141 εἴτε
352 1077 462 1158 μᾶλλον
494 1071 606 1140 εὔνοιαν
627 1075 722 1138 inclei-

152 1205 242 1244 ννυτο
268 1168 473 1257 Οὐεσπεσιανῷ
490 1175 539 1242 καί
561 1178 655 1241 πίστιν
673 1173 721 1240 ui·

151 1285 211 1359 ξων
232 1286 369 1363 Σαβῖνον.

203 1386 327 1445 16-17
350 1379 452 1454 Anu
472 1381 524 1464 μὲν
546 1373 596 1447 ott
610 1383 639 1446 u
653 1389 721 1464 αρι-

151 1486 248 1564 ξιλλῳ,
269 1480 350 1548 πόλει
370 1484 421 1566 τῆς
444 1484 568 1555 Ἰταλίας
588 1480 652 1564 περὶΙ
673 1477 721 1547 τὸν

153 1581 311 1669 Ἠριδανὸν
329 1582 530 1667 άπελείφθηῑ),

200 1691 325 1749 17-20
349 1684 527 1770 στρατηγοὺς
549 1685 578 1751 δὲ
600 1689 659 1752 των
677 1695 720 1751 δυ-

152 1785 272 1872 νάμεων
294 1790 436 1871 ἐξέπεμψε
460 1786 578 1872 Μάριόν
599 1815 630 1853 τε
647 1791 720 1854 Κίλ-

156 1915 209 1956 σον
234 1889 282 1956 nal
310 1887 492 1973 Σουητώνιον
513 1898 660 1956 Παυλῖνον
680 1892 721 1955 ἔτι

159 2019 193 2058 τε
214 1989 330 2058 Γάλλον
352 1990 401 2056 καί
422 1996 597 2077 Σπουρίναν,
613 1991 720 2076 ἄνδρας

155 2091 292 2173 ἐνδόξως,

197 2416 323 2474 20-33
345 2407 515 2494 χρήσασθαι
537 2412 566 2477 δὲ
588 2408 625 2495 μίγ
643 2421 719 2496 δυνη-

154 2515 263 2586 θέντας
296 2511 339 2578 ἐπὶ
372 2515 431 2576 τῶν
465 2511 647 2597 πραγμάτων
680 2512 720 2587 ως

152 2617 331 2698 προῃροῦντο
361 2625 421 2686 τοῖς
443 2616 555 2679 ἑαυτῶν
576 2622 720 2699 λογισμοῖς

152 2719 189 2782 δι’
223 2715 347 2794 άταξιάν
380 2715 429 2781 καί
462 2715 635 2802 θρασύτητα
660 2721 720 2784 τῶν

152 2820 352 2901 στρατιωτῶν.
386 2817 429 2883 Oi
443 2815 497 2902 γάρ
512 2818 605 2901 ἠξίουν
615 2822 720 2903 ἑτέρων

152 2917 281 2997 ἀκούειν,
304 2915 345 2992 ὥς
365 2923 435 3004 παρ’
459 2919 556 2986 αὐτῶν
570 2924 622 2987 τοῦ
637 2919 721 2987 αὖτο-

152 3018 302 3105 νιράτορος
323 3020 357 3088 τὸ
379 3019 476 3106 ἄρχειν
504 3025 624 3106 ἔχοντος.
662 3015 722 3088 Ἠν

151 3121 207 3206 μὲν
240 3115 291 3188 οὖν
324 3121 388 3189 οὐδὲ
419 3122 457 3188 τά
490 3127 549 3189 τῶν
578 3128 721 3209 πολεμίων

151 3221 320 3308 ὑγιαίνοντα
351 3223 540 3292 παντάπασιν
573 3226 637 3293 οὐδὲ
668 3254 721 3311 χει-

151 3322 251 3410 ροήθη
266 3338 326 3399 τοῖς
339 3324 478 3410 ἡγεμόσιν,
494 3328 558 3394 ἀλλ’
574 3331 719 3414 ἔμπληκτα

154 3425 207 3491 καὶ
230 3425 344 3512 σοβαρά
367 3426 415 3493 διά
437 3427 487 3512 τὴν
509 3426 595 3514 αὐτὴν
617 3433 720 3497 αἰτίαν.

155 3527 201 3594 Oi
230 3526 285 3611 μὴν
315 3527 379 3595 ἀλλ’
403 3532 518 3606 ἐκείνοις
539 3536 667 3618 ἐμπειρία
689 3562 720 3618 γε

150 3632 251 3717 παρῆν
272 3635 324 3698 τοῦ
345 3631 498 3718 μάχεσθαι
520 3634 570 3702 nal
592 3639 644 3702 τοῦ
667 3634 720 3702 κά·

151 3761 231 3816 μνειν
267 3731 376 3808 ἐθάδες
406 3733 486 3810 ὄντες
516 3737 566 3803 οὐκ
593 3740 718 3824 ἔφευγον,

152 3829 234 3901 οὗτοι
264 3835 294 3901 δὲ
325 3837 452 3919 μαλακοὶ
484 3838 536 3921 μὲν
567 3832 640 3923 ἦσαν
664 3837 720 3908 ὑπὸ

152 3938 326 4022 σχσληςξκαὶ
349 3942 456 4024 διαίτης
479 3941 624 4026 ἀπολέμου
644 3953 718 4011 πλεῖ·

151 4066 222 4106 στον
242 4036 345 4124 χρόνον
367 4043 396 4106 ἐν
417 4040 556 4127 θεάτροις
578 4044 627 4111 καί
648 4075 717 4114 παν·

1252 276 1289 334 81

817 462 894 522 Ι46
933 462 1003 521 Urln'
1034 461 1171 521 Flauum
1195 462 1336 521 Sabinum

769 564 938 640 praefecere,
971 564 1116 623 iudicium
1145 564 1273 622 Neronis
1295 583 1338 623 se-

774 667 841 744 euti,
876 667 930 725 sul)
951 685 1007 742 qua
1029 667 1147 725 eandem
1168 685 1270 724 euram
1291 667 1337 725 ab·

775 769 909 840 tinueeat,
942 768 1088 845 plerisque
1127 769 1337 844 Vespasianum

773 872 895 946 fratrem
917 871 951 929 in
971 889 1003 929 ea
1024 871 1247 946 nespinentilns.

815 1693 830 1752 Ι
854 1696 891 1752 8ῖ
928 1694 1061 1752 Peditum
1088 1695 1271 1771 equitumque
1292 1714 1335 1753 aa

767 1796 831 1872 piis
862 1796 1019 1856 Suetonius
1042 1797 1197 1869 Paulinae,
1221 1797 1336 1856 Marius

776 1900 883 1971 Celsus,
922 1900 1040 1958 Annius
1081 1900 1183 1959 Gallus
1218 1907 1335 1960 rectores

774 2002 916 2060 destinati.
960 2001 990 2060 II
1014 2003 1051 2061 11
1076 2002 1133 2060 His
1162 2005 1253 2080 capiis
1277 2024 1335 2064 eea

773 2110 817 2162 tar
841 2104 958 2163 additus
980 2105 1099 2164 Annius
1126 2105 1236 2179 Gallus,
1268 2126 1335 2166 auen

780 2205 915 2266 Vesteuia
940 2209 1092 2284 Spurinna
1106 2209 1145 2267 οδ
1158 2211 1336 2287 aauepaiulas

773 2309 850 2368 Paeti
870 2311 953 2386 ripas
968 2313 1160 2387 praemissus.

814 2414 843 2471 II
870 2416 909 2473 18
932 2414 1093 2473 indomitus
1114 2416 1197 2475 aniles
1222 2423 1247 2476 et
1272 2417 1336 2477 belli

771 2515 901 2590 iqnurus.
938 2516 968 2575 ΙΙ
992 2518 1030 2575 21
1054 2517 1100 2576 illi
1119 2524 1153 2576 ut
1173 2539 1287 2595 sequent
1310 2527 1335 2580 et

771 2616 895 2674 desidene
928 2622 954 2675 et
985 2615 1060 2677 α’νυο
1082 2637 1115 2677 ae
1137 2619 1253 2678 tleeatn's
1274 2641 1334 2681 ear-

770 2725 891 2795 ruptune
905 2720 1026 2779 militent
1051 2767 1058 2779 .
1082 2769 1088 2780 .
1112 2767 1118 2782 .
1141 2722 1333 2799 increpabunt.

257 4301 280 4379 ¹)
308 4303 368 4363 cfr.
392 4305 474 4365 Suet.
497 4305 530 4365 Ο.
555 4309 572 4367 9
595 4309 654 4368 Nee
675 4311 730 4371 ulli
745 4331 863 4388 puynae
884 4314 980 4389 adsuit
1001 4314 1180 4391 substititque
1202 4316 1330 4376 Brinelli.

1230 4451 1246 4504 6
