2978 4800
1156 289 1219 348 '193

81 479 185 563 apud
226 481 392 547 Tacitum
426 481 631 566 respondet
644 474 681 566 l),
711 481 759 547 de
787 481 860 547 alio
889 484 1038 547 auctore
1067 481 1262 565 decerptos

77 618 165 666 esse
190 620 210 666 e
237 602 516 686 comparatione
546 600 713 668 Suetonii
741 601 965 686 perspicitur
978 594 1016 686 2).

187 721 230 786 V.
274 722 401 788 7-13
443 721 607 788 indidem
649 719 844 787 fluxerunt
872 724 985 806 atque
1013 739 1068 799 ea,
1099 720 1263 805 quaein

80 839 156 906 alio
193 841 422 908 narrationis
457 841 654 926 complexu
692 840 840 907 Tacitus
867 840 1054 926 permulto
1081 858 1264 925 compres-

80 960 159 1026 sius
189 960 284 1027 dixit
298 953 338 1046 3).
373 998 412 1008 -
445 961 579 1028 Iulium
618 960 831 1027 Secundum
859 960 933 1027 iam
973 961 1011 1026 in
1039 959 1142 1027 tonte
1169 979 1264 1026 com-

80 1080 185 1146 muni
228 1085 415 1148 auctorem
457 1081 651 1147 laudatum
693 1099 774 1147 csse
811 1083 915 1164 patet
951 1098 997 1146 ex
1024 1080 1105 1146 loco
1135 1078 1264 1146 Sueto-

77 1193 249 1285 niano4).

189 1321 352 1387 14-32.
409 1321 511 1387 Haec
551 1320 774 1387 Plutarchus
815 1339 1001 1404 nusquam
1042 1320 1114 1386 nisi
1147 1339 1167 1386 a
1198 1320 1264 1385 Ta·

76 1440 153 1506 cito
186 1439 330 1524 petivit.
382 1431 536 1535 Ἐτέοων
572 1438 609 1508 de*
641 1422 689 1532 ἦν
717 1432 864 1509 ἀκούειν
892 1444 948 1506 est
975 1440 1129 1506 invenio
1158 1440 1265 1526 apud

78 1560 272 1646 quosdam
309 1553 541 1645 abacorum
577 1561 686 1627 etiam
719 1560 909 1645 ceteroqui
942 1580 976 1626 v.
1009 1560 1159 1626 14-19
1188 1565 1263 1627 tam

81 1865 256 1923 coniunctae
292 1882 350 1922 non
374 1870 447 1923 sunt
469 1864 559 1922 aliae
583 1864 702 1923 multae.
748 1863 831 1922 Falso
854 1864 948 1939 igitur
969 1864 1018 1923 ille
1041 1866 1094 1924 has
1119 1883 1265 1923 amsasa

85 1965 240 2026 Plutarcho
263 1967 428 2026 rationibus
455 1966 562 2024 Titiani
586 1974 615 2026 et
638 1966 755 2025 Proculi
780 1964 813 2025 Ο.
837 1969 855 2026 8
878 1966 1014 2042 allegatis
1038 1969 1147 2044 opponi
1169 1973 1264 2044 putat.

85 2068 146 2127 Cir.
168 2069 244 2128 inira
267 2088 295 2145 p.
315 2071 383 2129 106.

190 2187 214 2266 ¹)
244 2189 311 2247 Huc
338 2207 397 2248 non
426 2191 575 2266 pertinere
597 2190 678 2248 locos
701 2209 718 2247 a
741 2188 879 2248 Clasonio
902 2208 929 2265 p.
953 2192 992 2248 57
1032 2190 1162 2265 prolatos
1187 2191 1264 2248 haud
1345 2181 1347 2186 ’

76 2292 251 2368 ambigitur.

187 2409 214 2491 2)
238 2412 298 2470 cn.
320 2431 349 2487 p.
375 2414 443 2471 roc.

185 2529 209 2606 ³)
244 2531 320 2589 Cum
355 2549 436 2606 ceper
470 2549 552 2589 mora
574 2537 598 2589 et
620 2531 682 2606 spei
702 2531 850 2606 inpatiens
872 2532 982 2603 (minus
1006 2532 1080 2589 bene
1102 2530 1265 2589 Constans-

78 2633 198 2694 Girbal:
230 2634 402 2709 »impatient
433 2634 469 2691 de
497 2634 560 2692 noir
583 2652 616 2693 se
639 2633 760 2692 realiser
782 2651 830 2692 ses
853 2632 1061 2709 esperances»)
1084 2651 1139 2708 ego
1162 2639 1265 2690 contu·

78 2737 167 2796 lerim
190 2738 268 2794 Ann.
292 2736 321 2793 V
343 2739 361 2795 8
385 2755 464 2812 spera
488 2755 521 2795 cc
542 2743 652 2795 metum
674 2737 756 2794 iuxta
777 2742 928 2812 precatam
952 2735 1024 2794 XIV
1040 2737 1080 2794 59
1097 2735 1265 2794 medicam-

78 2839 184 2915 bipuac
205 2840 281 2914 spec}
305 2839 379 2897 XVI
404 2841 442 2898 19
466 2858 515 2898 uec
538 2839 602 2898 tutu
624 2839 700 2897 ultra
724 2839 839 2897 tinrcrc's
861 2844 912 2896 cut
926 2839 988 2914 quet
1002 2856 1108 2897 lucras,
1141 2837 1264 2913 Lipsius

78 2942 203 3002 ascribit
227 2942 312 3000 Hom.
356 2942 391 2999 ll.
415 2942 501 3000 XXII
527 2944 586 3001 129
610 2960 654 3018 sq.

189 3059 214 3138 4)
248 3063 370 3121 Minime
402 3063 459 3120 hoc
492 3062 613 3120 dubium
648 3068 708 3137 est;
743 3063 795 3120 cir.
826 3061 914 3120 Fabia
937 3079 964 3137 p.
989 3063 1028 3120 63
1051 3060 1118 3118 adn.
1143 3062 1160 3117 2
1184 3064 1265 3134 etp.

81 3168 144 3225 136
169 3183 213 3241 sq.
257 3165 369 3224 Similis
393 3171 440 3224 est
462 3166 535 3224 ratio
558 3165 590 3223 P.
615 3163 647 3224 Ο.
670 3169 698 3230 3,
720 3165 770 3223 ubi
794 3164 921 3223 Cluvius
944 3164 1040 3223 Rufus
1056 3163 1265 3239 profertur.-

77 3268 193 3327 Lezius
217 3287 244 3343 p.
270 3270 339 3337 124,
363 3268 442 3344 quod
465 3268 554 3326 etiam
577 3268 615 3325 ad
638 3287 666 3324 v.
689 3269 770 3326 2-7
795 3268 884 3325 refert
907 3266 1109 3325 testimonium
1127 3264 1266 3335 Secundi,

77 3369 209 3446 fallitur3
240 3389 308 3428 nam
332 3370 368 3429 de
390 3371 581 3429 interioribus
607 3369 733 3428 Othonis
756 3369 889 3428 consiliis
911 3369 1059 3428 citabatur
1081 3367 1206 3443 principi
1229 3367 1265 3424 ab

77 3472 231 3550 epistulis,
263 3491 322 3532 non
344 3474 381 3531 de
403 3474 509 3531 animis
532 3472 669 3531 militum.
703 3473 825 3531 Rectius
848 3471 948 3547 Groag
969 3490 998 3546 p.
1024 3473 1093 3529 755.
1115 3506 1157 3512 —
1180 3468 1265 3542 Quod

78 3576 245 3635 Suetonius
268 3595 335 3634 cnm
355 3576 515 3634 Plutarcho
539 3575 687 3650 congruit,
711 3576 763 3633 cfr.
788 3594 815 3650 p.
841 3576 910 3634 106.

185 3694 208 3768 51
232 3696 395 3755 Possintne
418 3696 490 3753 haec
512 3695 684 3770 comparari,
707 3695 737 3752 in
757 3693 973 3769 disceptatione
989 3699 1140 3763 versatum
1156 3699 1267 3768 negant

77 3799 211 3877 plurimi,
246 3805 280 3856 ut
314 3799 478 3857 Mommsen
513 3816 541 3872 p.
573 3799 634 3856 308
657 3797 724 3854 adn.
751 3799 777 3870 1,
798 3796 887 3854 Fabia
910 3815 937 3872 p.
962 3797 1001 3854 65
1024 3795 1091 3853 adn.
1117 3796 1143 3863 1,
1167 3792 1266 3868 Groag

77 3923 110 3980 p.
145 3904 205 3961 756
237 3902 303 3959 adn.
329 3904 356 3960 2.
402 3900 460 3959 Sed
488 3895 643 3963 ὑπονοοῦσι
665 3919 691 3956 v.
716 3901 764 3971 28,
787 3898 868 3975 quod
890 3899 927 3956 ad
951 3897 1056 3979 ἑτέρων
1077 3897 1265 3956 referendum

77 4011 139 4077 est,
163 4011 296 4079 tempore
327 4004 474 4080 praesenti
512 4003 584 4062 satis
618 4003 728 4060 indicat
752 4001 944 4060 Plutarchum
966 4001 1015 4058 hic
1037 3999 1178 4076 quosdam
1200 4017 1266 4056 auc-

78 4115 155 4167 tores
171 4106 262 4165 Taciti
287 4108 461 4182 significare.
500 4106 641 4181 Adeoque
664 4104 773 4164 similia
796 4112 877 4176 sunt,
901 4111 936 4161 ut
957 4110 1083 4178 cognata
1106 4120 1172 4161 esse
1193 4119 1265 4159 con-

77 4211 190 4270 cedant
212 4193 300 4269 etiam
323 4228 383 4268 non
407 4210 479 4267 nulli
503 4209 671 4267 communis
694 4208 786 4266 fontis
802 4207 933 4283 patroni:
952 4206 1039 4265 Peter
1054 4225 1082 4281 p.
1098 4207 1147 4278 33,
1164 4204 1266 4278 Hardy

78 4313 119 4372 ad
141 4313 222 4371 hunc
240 4313 347 4370 locum.
