2978 4800
291 235 332 292 46

355 421 518 490 15-17.
562 423 665 489 Haec
684 422 810 490 verbis
830 423 945 489 Taciti
965 422 1149 489 simillima
1170 427 1266 488 sunt.
1299 423 1429 507 Neque

248 563 340 610 vero
367 543 466 609 hunc
494 543 733 630 cogitandum
762 547 820 609 est
845 542 985 609 fontem
1022 560 1257 609 communem
1288 543 1428 609 eisdem

246 662 375 729 verbis
417 662 648 746 expressisse
684 662 795 729 etiam
823 663 861 728 in
890 661 1037 728 adfectu
1072 666 1108 727 et
1139 661 1304 728 consiliis
1337 663 1430 728 Mar·

249 782 346 848 tialis
375 780 647 861 describendis;
673 785 709 848 et
728 770 777 864 ὥς
796 805 889 874 φασι
908 780 1075 846 Tacitum
1094 780 1287 847 Plutarchi
1308 786 1429 848 aucto·

248 921 326 968 rem
361 900 479 967 luisse
516 901 655 968 indicat
670 895 707 985 ¹).
763 901 912 968 Tacitus
950 905 1073 967 autern
1110 919 1193 966 cum
1240 900 1339 967 duas
1383 908 1430 969 at-

249 1021 394 1087 tulisset
429 1039 573 1098 causas,
605 1041 764 1105 quarum
798 1039 911 1087 unam
948 1021 1029 1105 ipse
1058 1019 1238 1105 probaret
1266 1021 1431 1107 (mapul-

250 1140 620 1225 tudinc-mctucns),
638 1141 792 1207 alteram
807 1140 940 1206 falsam
956 1159 1038 1206 esse
1054 1140 1305 1224 suspicionem
1320 1142 1430 1228 signi·

249 1260 379 1326 ficaret
414 1259 609 1346 (praebuit
643 1259 840 1345 plerisque
882 1278 912 1326 e.
942 1279 978 1343 q.
1008 1258 1067 1345 s),
1110 1259 1337 1326 Plutarchus
1370 1261 1429 1328 illa

249 1384 444 1446 contentus
471 1379 569 1444 hanc
595 1379 666 1444 nisi
696 1384 789 1445 tecte
816 1397 891 1444 non
920 1371 1166 1463 denotaviti).

355 1498 519 1564 17—21.
574 1497 698 1562 Prima
734 1498 885 1582 quidem
922 1498 1040 1564 verba
1078 1495 1213 1587 (usque
1252 1498 1303 1564 ad
1333 1491 1430 1568 ἀντέ-

251 1617 371 1702 rnoar)
388 1617 545 1684 Taciteis
565 1638 687 1686 omncs
705 1622 925 1704 paterentur
943 1618 1176 1703 respondent
1188 1610 1226 1702 3).
1271 1619 1429 1705 Reliqua

250 1741 372 1803 antem
401 1742 524 1803 utrum
555 1736 602 1803 ab
631 1738 713 1822 ipso
739 1737 939 1804 Plutarcho
968 1737 1056 1803 ficta
1081 1737 1154 1804 sint
1174 1757 1221 1803 an
1243 1738 1295 1804 ab
1316 1739 1430 1807 altero

249 1857 364 1941 petita
394 1863 553 1935 auctore,
585 1857 781 1924 diiudicari
810 1877 883 1923 non
913 1862 1052 1942 potest;
1082 1876 1149 1923 neo
1176 1861 1307 1925 tamen
1337 1861 1429 1945 quic·

249 1996 362 2061 quam
403 1977 565 2062 impedit,
601 1978 692 2061 quin
728 1977 935 2042 narrationi
964 1996 984 2042 e
1013 1977 1139 2043 Tacito
1177 1977 1347 2046 haustae
1375 1981 1428 2046 ali-

249 2097 348 2163 unde
378 2096 542 2162 admixta
572 2096 655 2162 sint.
1291 2178 1292 2182 Ἰ

351 2216 505 2282 21-26.
551 2216 630 2282 Hos
662 2235 796 2281 versus
824 2235 871 2282 ex
899 2215 1025 2281 Tacito
1052 2215 1208 2282 fluxisse
1237 2235 1260 2283 e
1292 2220 1418 2287 maiore

248 2335 360 2401 huius
375 2355 488 2419 quam
506 2334 675 2402 Suetonii
689 2354 770 2400 cum
786 2334 986 2400 Plutarcho
1002 2335 1242 2402 similitudine
1260 2338 1415 2406 efficitur.

351 2454 517 2522 26-28.
575 2455 634 2520 Ex
663 2455 734 2521 alio
761 2455 876 2532 fonte,
906 2453 944 2519 id
973 2455 1073 2540 quod
1101 2454 1203 2521 haud
1224 2455 1422 2526 difficiliter

246 2575 330 2641 fieri
370 2575 500 2660 potuit,
542 2575 633 2642 haec
674 2575 711 2640 in
752 2574 971 2640 relationem
1005 2593 1025 2640 a
1060 2574 1185 2641 Tacito
1227 2577 1427 2646 oriundam

247 2695 386 2762 inserta
416 2701 502 2761 sunt
530 2695 553 2780 ).

350 2814 392 2879 V.
423 2814 575 2881 28--29
604 2818 640 2880 et
667 2814 820 2880 29-32
851 2833 871 2878 a
900 2813 1026 2879 Tacito
1061 2832 1234 2879 manasse
1267 2820 1430 2884 statuen-

248 2934 336 3000 dum
365 2939 421 3000 est
447 2937 603 3018 propter
631 2953 811 3000 summam
841 2933 1130 3000 similitudinem.

353 3133 375 3210 ¹)
398 3124 456 3194 cfr.
479 3152 569 3210 supra
592 3154 620 3210 p.
643 3136 683 3193 45
707 3134 774 3192 adn.
800 3137 826 3192 1.

349 3236 374 3313 ²)
397 3237 454 3296 cfr.
478 3235 628 3295 Woelfflin
654 3237 755 3313 Comp.
778 3256 807 3312 p.
830 3239 880 3295 49.
902 3271 944 3278 --
966 3237 1068 3311 Hardy
1094 3237 1167 3295 dicit
1188 3237 1226 3295 ad
1249 3235 1360 3318 ἐφῆκεν
1381 3237 1431 3302 εἰσ-

247 3343 358 3402 ελθεῖνῑ
392 3339 491 3407 »Here
524 3358 557 3397 as
586 3339 616 3397 in
649 3339 734 3397 other
765 3357 916 3415 passages,
946 3338 978 3397 P.
1011 3339 1085 3397 adds
1120 3339 1184 3397 that
1218 3340 1322 3398 which
1346 3343 1430 3418 gives

247 3443 297 3501 the
321 3443 377 3517 key
401 3449 431 3500 to
454 3439 516 3501 T:s’
540 3447 708 3513 statement,
731 3443 777 3499 lor
798 3440 830 3500 T.
853 3443 941 3500 omits
965 3447 995 3500 to
1018 3460 1073 3516 say
1097 3442 1178 3499 what
1199 3442 1236 3500 he
1259 3442 1312 3500 did
1337 3452 1371 3503 to
1397 3446 1432 3502 be

247 3545 427 3621 suspected».
461 3545 518 3604 Sed
541 3546 616 3604 bene
639 3544 786 3602 Woelfflin
810 3544 827 3602 l.
851 3544 886 3603 l.:
919 3544 1010 3603 »Dass
1033 3563 1066 3603 er
1081 3544 1233 3602 zwischen
1251 3544 1311 3603 den
1329 3546 1429 3606 Zeilen

246 3647 289 3706 las
313 3647 374 3705 und
396 3653 545 3722 erganzte,
568 3664 631 3706 was
654 3645 686 3705 T.
709 3646 740 3703 in
764 3647 862 3705 seiner
877 3646 1031 3721 Pragnanz
1056 3645 1210 3724 uberging‚
1232 3645 1291 3704 den
1307 3647 1429 3708 Elnlass

245 3751 277 3808 in
310 3750 356 3808 die
388 3749 531 3822 Kaserne,
564 3749 604 3808 ist
637 3749 714 3826 (falls
748 3748 795 3807 die
823 3748 914 3807 Stella
937 3749 983 3807 bei
1006 3748 1038 3807 Τ.
1062 3749 1144 3806 nicht
1165 3747 1344 3809 litckenhatt
1368 3752 1428 3811 sein

247 3852 344 3928 sollte)
368 3851 566 3910 volllrommen
600 3852 715 3924 richtig,
739 3851 843 3909 deutet
863 3851 968 3926 iedoch
990 3853 1041 3909 aul
1063 3851 1148 3909 keine
1169 3851 1278 3910 andere
1300 3850 1428 3924 Quelle».

348 3954 372 4029 3)
396 3953 481 4026 Quod
505 3955 656 4030 praeteriit
678 3954 799 4040 Lezium
824 3973 853 4029 p.
877 3955 926 4012 52.

349 4055 463 4133 4)'N0n
495 4057 632 4115 inutilem
666 4056 762 4115 fuisse
796 4058 962 4115 caldionem
998 4055 1107 4115 Galbae
1137 4075 1153 4115 e
1184 4054 1251 4115 Tac.
1273 4056 1287 4115 Ι
1312 4060 1355 4117 35
1387 4078 1429 4116 re-

245 4160 346 4234 fractis
368 4159 478 4218 Palatii
498 4159 610 4234 foribus
633 4159 730 4234 colligi
753 4159 831 4218 licet.
874 4159 1025 4217 Immerito
1049 4160 1138 4234 igitur
1160 4159 1191 4216 in
1213 4159 1342 4220 dubium
1367 4180 1428 4222 rem

248 4269 355 4321 vocant
376 4263 484 4321 Lenius
508 4281 536 4338 p.
560 4265 599 4322 56
622 4262 689 4321 adn.
715 4263 730 4319 1
755 4270 786 4320 et
808 4261 907 4336 Groag
929 4280 957 4337 p.
983 4263 1043 4320 743
1067 4261 1133 4320 adn.
1159 4267 1186 4322 l.
