2978 4800
271 246 309 301 14

225 425 375 527 ἡγεμόνι
401 427 540 528 μεγάλῳ
571 440 788 530 πρέπουσαν
808 457 827 504 θ
847 438 973 505 Tacito
992 439 1030 505 in
1049 440 1302 509 narrationem
1323 440 1408 507 Plu·

224 554 342 620 tarchi
374 555 585 640 irrepserit3
620 555 845 624 simillimum
873 565 930 626 θεῖ
957 559 1054 625 anim
1083 579 1151 626 voe
1172 579 1246 645 pro
1274 579 1314 626 re
1336 571 1411 646 pec·

225 672 326 739 blico
355 674 523 741 honesto.

325 1173 369 1239 In
410 1173 468 1252 iis,
498 1192 596 1259 quac
628 1174 666 1240 in
694 1175 825 1241 eodem
853 1175 974 1259 capito
1003 1180 1224 1260 sequuntur,
1254 1176 1319 1243 vix
1347 1183 1405 1245 θεῖ

222 1292 467 1360 communitas
495 1292 695 1359 Plutarcho
722 1312 805 1359 cum
834 1293 960 1361 Tacito
976 1286 1019 1378 1);
1061 1300 1217 1381 excepto
1245 1297 1331 1363 hoc:

263 1530 388 1588 23-26
425 1523 529 1590 Αὐτὸν
557 1525 587 1591 δὲ
611 1521 660 1590 τὸν
686 1522 784 1590 ψλάκ-
879 1528 936 1588 19
984 1529 1123 1604 Superior
1154 1530 1293 1589 eaerulus
1329 1531 1404 1606 lepu-

219 1654 270 1692 κον
301 1623 357 1692 ὑπὸ
384 1623 519 1692 συντόνου
549 1624 697 1712 ποδάγρας
719 1624 784 1692 ili-
837 1637 899 1690 lum
933 1631 1132 1690 Hordeonium
1165 1632 1302 1691 Phocum
1323 1652 1403 1709 sper-

219 1755 307 1794 νατθν
340 1725 411 1794 ὅντα
441 1731 483 1810 τῴ
507 1725 620 1810 σώματι
642 1725 691 1794 καὶ
712 1757 784 1814 upu-
835 1734 927 1811 cebet,
950 1740 1059 1792 senecia
1081 1753 1114 1792 cc
1135 1733 1275 1793 debilitate
1291 1735 1404 1811 pedum

218 1828 337 1914 γμάτων
360 1827 478 1913 ἄπειρον
500 1833 529 1895 ἐν
551 1828 643 1896 οὐδενὶ
659 1828 734 1916 λόγῳ
749 1829 784 1896 τὸ
836 1836 1006 1908 incultilem,
1039 1836 1102 1893 siue
1135 1837 1306 1914 constantia,
1340 1838 1404 1898 siue

217 1929 358 2014 παράπαν
380 1935 535 1999 ἐποιοῦντο.
836 1938 1009 1996 auctoritate.

322 2163 444 2229 Mores
480 2163 600 2229 Flacci
632 2164 857 2232 Plutarchus
886 2184 932 2231 ox
961 2164 1088 2231 Tacito
1115 2165 1152 2231 in
1181 2185 1288 2232 suam
1318 2186 1401 2234 nar·

218 2282 402 2349 rationem
430 2283 595 2349 inserere
622 2282 730 2349 facile
758 2284 895 2368 potuit;
925 2303 1048 2369 neque
1076 2284 1220 2350 modica
1241 2289 1297 2351 θεῖ
1317 2305 1396 2353 eon·

220 2402 404 2489 gruontia.

320 2523 360 2588 P.
396 2521 438 2590 G.
468 2542 497 2589 c.
528 2521 909 2610 19,1-6(Τοιαύνα
930 2561 979 2568 —
999 2514 1139 2618 ἀρχῆς).
1185 2523 1288 2590 Hace
1316 2524 1401 2592 Plu·

216 2643 386 2709 tarchum
419 2662 438 2709 θ
472 2641 575 2709 fonte
616 2643 802 2710 communi
835 2642 1041 2728 sumpsisse
1069 2643 1107 2708 in
1136 2643 1309 2710 Excursu
1340 2644 1402 2712 de·

216 2763 496 2830 monstrabitur.
1086 2748 1101 2791 ⁸

319 2883 359 2948 P.
395 2881 437 2950 G.
468 2902 497 2949 c.
529 2883 610 2961 19,e
642 2920 690 2926 --
719 2900 748 2946 c.
778 2881 874 2960 20,6.

319 3151 340 3226 1)
364 3152 450 3209 Fabia
472 3170 501 3227 p.
527 3151 587 3209 102
611 3159 641 3208 et
664 3148 763 3225 Groag
786 3169 813 3226 p.
839 3152 897 3208 747
922 3148 1023 3208 Tacito
1047 3167 1211 3225 repugnare
1232 3150 1404 3211 docuerunt

214 3254 367 3312 Plutarchi
390 3245 507 3332 μηδενὸς
529 3247 559 3314 δὲ
580 3245 768 3333 τυγχάνοντες
791 3271 818 3311 v.
842 3253 882 3310 22
906 3269 965 3327 sq.:
995 3251 1047 3309 cir.
1070 3250 1148 3310 Hist.
1173 3251 1187 3309 l
1211 3254 1260 3310 51.
1304 3251 1401 3330 Equi·

213 3358 280 3416 dem
314 3374 441 3415 errorem
478 3355 629 3413 Plutarchi
663 3373 702 3414 ex
735 3373 770 3414 eo
806 3355 896 3413 fontis
927 3354 1095 3412 communis
1118 3354 1183 3412 loco
1206 3360 1305 3412 ortum
1329 3373 1402 3415 asse

214 3459 398 3523 crediderim,
420 3476 510 3535 quem
536 3458 574 3515 ad
597 3459 720 3517 verbum
744 3456 950 3532 transscripsit
974 3455 1055 3514 Suet.
1078 3453 1112 3514 G.
1137 3457 1176 3515 16
1199 3456 1249 3514 sed
1269 3457 1402 3517 mueicre

213 3561 352 3637 fremebat
374 3561 534 3637 neperioris
561 3560 734 3619 Geneauice
756 3559 902 3631 θνθνθνῖνε,
924 3557 1061 3633 fraudari
1081 3577 1111 3615 se
1129 3558 1263 3633 praemis
1277 3565 1402 3619 uoculae

212 3665 349 3722 edecimes
376 3664 473 3722 Gallos
501 3669 526 3722 et
555 3663 702 3721 Vindicem
724 3681 832 3737 operae.
856 3697 895 3704 --
918 3661 1001 3719 Inter
1022 3654 1154 3741 μεγάλων
1176 3655 1228 3739 μὲν
1250 3654 1402 3734 ἀξιοῦντες

216 3758 320 3836 αὖτοὺς
342 3759 390 3828 διὰ
412 3758 462 3845 τὴν
483 3759 583 3846 μάχην,
606 3759 640 3843 ἣν
662 3747 840 3845 ε’μᾱχέσαντθ
861 3754 932 3842 πρὸς
951 3757 1087 3824 Οὐΐνδικα
1111 3781 1138 3821 V.
1162 3764 1200 3821 21
1226 3780 1270 3839 sq.
1293 3769 1325 3821 ct
1347 3782 1402 3822 cu·

209 3869 310 3945 porhic
330 3869 449 3927 recentis
470 3869 602 3926 m'elorice
624 3867 690 3925 Tac.
713 3867 726 3924 l
749 3869 767 3925 8
785 3884 843 3924 non
867 3873 915 3924 θεῖ
937 3883 971 3922 ea
995 3865 1167 3936 similitudo,
1190 3882 1266 3941 quae
1288 3883 1400 3941 cogna-

212 3972 321 4030 tionem
351 3971 469 4029 indioot.
517 3969 681 4029 Woelfflino
712 3968 815 4044 (lump.
838 3986 866 4043 p.
890 3968 930 4027 34
954 3985 1014 4026 non
1045 3967 1200 4025 assentior.
1224 4001 1265 4008 —
1287 3967 1400 4027 Extre-

213 4093 291 4133 mam
324 4073 473 4131 Plutarchi
510 4071 760 4130 narratiunculam
785 4090 815 4127 ν,
838 4069 963 4129 26-30
999 4070 1075 4127 male
1107 4068 1254 4128 intellexit
1284 4069 1399 4130 Lezius

212 4195 241 4252 p.
265 4178 313 4248 16,
334 4169 386 4253 rip
406 4173 483 4236 θέαν
504 4191 573 4232 cum
600 4177 785 4231 sacramento
809 4171 872 4230 Kal.
893 4171 956 4230 Ian.
979 4172 1085 4230 adacto
1100 4172 1297 4230 confundens.
1335 4171 1399 4231 (lh.

211 4278 313 4352 Hardy
338 4278 376 4336 ad
397 4276 482 4346 θέας.
