<?xml version="1.0" encoding="UTF-8"?>
<!DOCTYPE html PUBLIC "-//W3C//DTD XHTML 1.0 Transitional//EN"
    "http://www.w3.org/TR/xhtml1/DTD/xhtml1-transitional.dtd">
<html xmlns="http://www.w3.org/1999/xhtml" xml:lang="en" lang="en">
 <head>
  <title>
</title>
<meta http-equiv="Content-Type" content="text/html;charset=utf-8" />
  <meta name='ocr-system' content='tesseract 3.04.00' />
  <meta name='ocr-capabilities' content='ocr_page ocr_carea ocr_par ocr_line ocrx_word'/>
</head>
<body>
  <div class='ocr_page' id='page_1' title='image "./deplutarchoetta00boregoog_0096.png"; bbox 0 0 2978 4800; ppageno 0'>
   <div class='ocr_carea' id='block_1_1' title="bbox 1192 263 1230 319">
    <p class='ocr_par' dir='ltr' id='par_1_1' title="bbox 1192 263 1230 319">
     <span class='ocr_line' id='line_1_1' title="bbox 1192 263 1230 319; baseline -0.026 0"><span class='ocrx_word' id='word_1_1' title='bbox 1192 263 1230 319; x_wconf 82' lang='lat'>51</span> 
     </span>
    </p>
   </div>
   <div class='ocr_carea' id='block_1_2' title="bbox 94 443 1278 2209">
    <p class='ocr_par' dir='ltr' id='par_1_2' title="bbox 97 443 1276 639">
     <span class='ocr_line' id='line_1_2' title="bbox 200 443 1276 541; baseline 0.001 -23"><span class='ocrx_word' id='word_1_2' title='bbox 200 452 244 518; x_wconf 91' lang='lat' dir='ltr'>V.</span> <span class='ocrx_word' id='word_1_3' title='bbox 286 451 437 518; x_wconf 86' lang='grc'><strong>16-18</strong></span> <span class='ocrx_word' id='word_1_4' title='bbox 477 456 513 518; x_wconf 93' lang='lat' dir='ltr'>et</span> <span class='ocrx_word' id='word_1_5' title='bbox 547 451 699 518; x_wconf 83' lang='lat'>18—20</span> <span class='ocrx_word' id='word_1_6' title='bbox 715 443 740 541; x_wconf 71' lang='lat'>1)</span> <span class='ocrx_word' id='word_1_7' title='bbox 772 455 927 536; x_wconf 88' lang='lat' dir='ltr'>propter</span> <span class='ocrx_word' id='word_1_8' title='bbox 958 453 1197 538; x_wconf 78' lang='lat' dir='ltr'>conspicuam</span> <span class='ocrx_word' id='word_1_9' title='bbox 1232 454 1276 519; x_wconf 89' lang='lat' dir='ltr'>si-</span> 
     </span>
     <span class='ocr_line' id='line_1_3' title="bbox 97 571 1058 639; baseline 0 -2"><span class='ocrx_word' id='word_1_10' title='bbox 97 571 1058 639; x_wconf 56' lang='lat' dir='ltr'>mffimfflmmefffldmomoeemenmmmem</span> 
     </span>
    </p>

    <p class='ocr_par' dir='ltr' id='par_1_3' title="bbox 94 691 1277 1254">
     <span class='ocr_line' id='line_1_4' title="bbox 200 691 1276 778; baseline 0 -20"><span class='ocrx_word' id='word_1_11' title='bbox 200 691 366 758; x_wconf 83' lang='lat'><strong>20-22.</strong></span> <span class='ocrx_word' id='word_1_12' title='bbox 410 691 512 757; x_wconf 91' lang='lat' dir='ltr'>Haec</span> <span class='ocrx_word' id='word_1_13' title='bbox 530 711 605 757; x_wconf 92' lang='lat' dir='ltr'>non</span> <span class='ocrx_word' id='word_1_14' title='bbox 625 691 817 757; x_wconf 83' lang='lat' dir='ltr'>fluxerunt</span> <span class='ocrx_word' id='word_1_15' title='bbox 832 710 851 757; x_wconf 92' lang='lat' dir='ltr'>e</span> <span class='ocrx_word' id='word_1_16' title='bbox 867 691 1005 757; x_wconf 85' lang='lat' dir='ltr'>Tacito.</span> <span class='ocrx_word' id='word_1_17' title='bbox 1043 692 1276 778; x_wconf 85' lang='lat' dir='ltr'>Argumento</span> 
     </span>
     <span class='ocr_line' id='line_1_5' title="bbox 95 802 1277 896; baseline 0.003 -19"><span class='ocrx_word' id='word_1_18' title='bbox 95 815 184 877; x_wconf 88' lang='lat' dir='ltr'>sunt</span> <span class='ocrx_word' id='word_1_19' title='bbox 220 830 318 896; x_wconf 90' lang='lat' dir='ltr'>quae</span> <span class='ocrx_word' id='word_1_20' title='bbox 353 811 391 876; x_wconf 92' lang='lat' dir='ltr'>in</span> <span class='ocrx_word' id='word_1_21' title='bbox 428 810 604 877; x_wconf 88' lang='lat' dir='ltr'>Historiis</span> <span class='ocrx_word' id='word_1_22' title='bbox 631 811 902 889; x_wconf 80' lang='lat' dir='ltr'>desiderantur,</span> <span class='ocrx_word' id='word_1_23' title='bbox 930 803 991 880; x_wconf 76' lang='grc' dir='ltr'>διὰ</span> <span class='ocrx_word' id='word_1_24' title='bbox 1019 807 1086 894; x_wconf 59' lang='grc' dir='ltr'>τώς</span> <span class='ocrx_word' id='word_1_25' title='bbox 1114 802 1277 880; x_wconf 81' lang='grc' dir='ltr'><em>Παύλου</em></span> 
     </span>
     <span class='ocr_line' id='line_1_6' title="bbox 94 922 1277 1026; baseline 0.001 -32"><span class='ocrx_word' id='word_1_26' title='bbox 94 923 329 1018; x_wconf 49' lang='lat' dir='ltr'>peartanig-l</span> <span class='ocrx_word' id='word_1_27' title='bbox 362 937 398 996; x_wconf 88' lang='lat' dir='ltr'>et</span> <span class='ocrx_word' id='word_1_28' title='bbox 425 927 493 1022; x_wconf 74' lang='grc' dir='ltr'>μιᾷ</span> <span class='ocrx_word' id='word_1_29' title='bbox 526 969 566 977; x_wconf 96' lang='grc'>-</span> <span class='ocrx_word' id='word_1_30' title='bbox 597 922 759 1026; x_wconf 71' lang='grc' dir='ltr'><em>ἰδιώτην,</em></span> <span class='ocrx_word' id='word_1_31' title='bbox 800 929 865 996; x_wconf 89' lang='lat' dir='ltr'>ubi</span> <span class='ocrx_word' id='word_1_32' title='bbox 900 923 965 998; x_wconf 84' lang='grc' dir='ltr'>τὸν</span> <span class='ocrx_word' id='word_1_33' title='bbox 997 922 1147 1024; x_wconf 72' lang='grc' dir='ltr'><em>ἰδιώτην</em></span> <span class='ocrx_word' id='word_1_34' title='bbox 1178 930 1277 997; x_wconf 89' lang='lat' dir='ltr'>idem</span> 
     </span>
     <span class='ocr_line' id='line_1_7' title="bbox 95 1042 1275 1136; baseline -0.001 -21"><span class='ocrx_word' id='word_1_35' title='bbox 95 1054 155 1115; x_wconf 89' lang='lat' dir='ltr'>est</span> <span class='ocrx_word' id='word_1_36' title='bbox 197 1067 238 1114; x_wconf 90' lang='lat' dir='ltr'>ao</span> <span class='ocrx_word' id='word_1_37' title='bbox 281 1048 448 1116; x_wconf 85' lang='lat' dir='ltr'>Suetonii</span> <span class='ocrx_word' id='word_1_38' title='bbox 483 1042 777 1136; x_wconf 65' lang='lat' dir='ltr'>papaueruffll.</span> <span class='ocrx_word' id='word_1_39' title='bbox 835 1049 910 1116; x_wconf 85' lang='lat' dir='ltr'>Sed</span> <span class='ocrx_word' id='word_1_40' title='bbox 952 1049 1059 1115; x_wconf 82' lang='lat' dir='ltr'>facile</span> <span class='ocrx_word' id='word_1_41' title='bbox 1092 1049 1185 1115; x_wconf 88' lang='lat' dir='ltr'>haec</span> <span class='ocrx_word' id='word_1_42' title='bbox 1217 1049 1275 1127; x_wconf 86' lang='lat' dir='ltr'>iis,</span> 
     </span>
     <span class='ocr_line' id='line_1_8' title="bbox 96 1168 1209 1254; baseline 0 -20"><span class='ocrx_word' id='word_1_43' title='bbox 96 1188 197 1253; x_wconf 91' lang='lat' dir='ltr'>quae</span> <span class='ocrx_word' id='word_1_44' title='bbox 225 1168 272 1235; x_wconf 93' lang='lat' dir='ltr'>de</span> <span class='ocrx_word' id='word_1_45' title='bbox 299 1169 426 1235; x_wconf 89' lang='lat' dir='ltr'>Tacito</span> <span class='ocrx_word' id='word_1_46' title='bbox 455 1173 603 1254; x_wconf 86' lang='lat' dir='ltr'>sumpta</span> <span class='ocrx_word' id='word_1_47' title='bbox 631 1173 748 1248; x_wconf 89' lang='lat' dir='ltr'>erant,</span> <span class='ocrx_word' id='word_1_48' title='bbox 778 1169 967 1254; x_wconf 91' lang='lat' dir='ltr'>interponi</span> <span class='ocrx_word' id='word_1_49' title='bbox 994 1173 1209 1253; x_wconf 89' lang='lat' dir='ltr'>potuerunt.</span> 
     </span>
    </p>

    <p class='ocr_par' dir='ltr' id='par_1_4' title="bbox 96 1288 1278 1494">
     <span class='ocr_line' id='line_1_9' title="bbox 203 1288 1278 1374; baseline 0 -20"><span class='ocrx_word' id='word_1_50' title='bbox 203 1289 367 1355; x_wconf 39' lang='lat' dir='ltr'>abac</span> <span class='ocrx_word' id='word_1_51' title='bbox 421 1288 1278 1374; x_wconf 57' lang='lat' dir='ltr'>Haecmmaffitmmmfflammmomm</span> 
     </span>
     <span class='ocr_line' id='line_1_10' title="bbox 96 1401 353 1494; baseline 0 -20"><span class='ocrx_word' id='word_1_52' title='bbox 96 1401 353 1494; x_wconf 39' lang='lat' dir='ltr'>umwm&amp;</span> 
     </span>
    </p>

    <p class='ocr_par' dir='ltr' id='par_1_5' title="bbox 96 1527 1276 1734">
     <span class='ocr_line' id='line_1_11' title="bbox 202 1527 1276 1607; baseline 0.001 -14"><span class='ocrx_word' id='word_1_53' title='bbox 202 1527 244 1593; x_wconf 91' lang='lat' dir='ltr'>V.</span> <span class='ocrx_word' id='word_1_54' title='bbox 275 1528 429 1594; x_wconf 82' lang='lat'>25—27</span> <span class='ocrx_word' id='word_1_55' title='bbox 458 1528 545 1594; x_wconf 91' lang='lat' dir='ltr'>item</span> <span class='ocrx_word' id='word_1_56' title='bbox 574 1535 844 1595; x_wconf 86' lang='lat' dir='ltr'>emanaverunt</span> <span class='ocrx_word' id='word_1_57' title='bbox 865 1548 885 1594; x_wconf 89' lang='lat' dir='ltr'>a</span> <span class='ocrx_word' id='word_1_58' title='bbox 906 1529 1042 1607; x_wconf 85' lang='lat' dir='ltr'>Tacito,</span> <span class='ocrx_word' id='word_1_59' title='bbox 1069 1529 1174 1595; x_wconf 89' lang='lat' dir='ltr'>cuius</span> <span class='ocrx_word' id='word_1_60' title='bbox 1194 1547 1276 1594; x_wconf 90' lang='lat' dir='ltr'>oum</span> 
     </span>
     <span class='ocr_line' id='line_1_12' title="bbox 96 1647 763 1734; baseline 0.001 -21"><span class='ocrx_word' id='word_1_61' title='bbox 96 1647 763 1734; x_wconf 56' lang='lat' dir='ltr'>mmmmwpmmmmmwm</span> 
     </span>
    </p>

    <p class='ocr_par' dir='ltr' id='par_1_6' title="bbox 100 1765 1278 2209">
     <span class='ocr_line' id='line_1_13' title="bbox 202 1765 1277 1852; baseline -0.001 -20"><span class='ocrx_word' id='word_1_62' title='bbox 202 1765 366 1834; x_wconf 83' lang='lat'><strong>27—28.</strong></span> <span class='ocrx_word' id='word_1_63' title='bbox 421 1767 524 1833; x_wconf 91' lang='lat' dir='ltr'>Haec</span> <span class='ocrx_word' id='word_1_64' title='bbox 564 1767 656 1833; x_wconf 88' lang='lat' dir='ltr'>nihil</span> <span class='ocrx_word' id='word_1_65' title='bbox 697 1767 798 1834; x_wconf 92' lang='lat' dir='ltr'>aliud</span> <span class='ocrx_word' id='word_1_66' title='bbox 841 1787 922 1834; x_wconf 89' lang='lat' dir='ltr'>esse</span> <span class='ocrx_word' id='word_1_67' title='bbox 965 1771 1136 1852; x_wconf 90' lang='lat' dir='ltr'>putarem</span> <span class='ocrx_word' id='word_1_68' title='bbox 1165 1786 1277 1852; x_wconf 91' lang='lat' dir='ltr'>quam</span> 
     </span>
     <span class='ocr_line' id='line_1_14' title="bbox 100 1886 1278 1973; baseline -0.001 -21"><span class='ocrx_word' id='word_1_69' title='bbox 100 1886 1278 1973; x_wconf 58' lang='lat' dir='ltr'>Qaeaffldemdmmammmmmmffimmnffl</span> 
     </span>
     <span class='ocr_line' id='line_1_15' title="bbox 102 2005 1276 2073; baseline 0.001 -3"><span class='ocrx_word' id='word_1_70' title='bbox 102 2024 182 2072; x_wconf 88' lang='lat' dir='ltr'>cum</span> <span class='ocrx_word' id='word_1_71' title='bbox 221 2005 389 2072; x_wconf 84' lang='lat' dir='ltr'>Suetonii</span> <span class='ocrx_word' id='word_1_72' title='bbox 426 2006 641 2073; x_wconf 86' lang='lat' dir='ltr'>narratione</span> <span class='ocrx_word' id='word_1_73' title='bbox 678 2026 884 2073; x_wconf 87' lang='lat' dir='ltr'>consonare</span> <span class='ocrx_word' id='word_1_74' title='bbox 920 2006 1010 2072; x_wconf 92' lang='lat' dir='ltr'>mihi</span> <span class='ocrx_word' id='word_1_75' title='bbox 1047 2005 1276 2072; x_wconf 87' lang='lat' dir='ltr'>viderentur.</span> 
     </span>
     <span class='ocr_line' id='line_1_16' title="bbox 103 2123 1278 2209; baseline 0 -19"><span class='ocrx_word' id='word_1_76' title='bbox 103 2123 225 2201; x_wconf 82' lang='lat' dir='ltr'>Quare</span> <span class='ocrx_word' id='word_1_77' title='bbox 267 2124 446 2209; x_wconf 86' lang='lat' dir='ltr'>reliquias</span> <span class='ocrx_word' id='word_1_78' title='bbox 488 2124 649 2192; x_wconf 90' lang='lat' dir='ltr'>arbitror</span> <span class='ocrx_word' id='word_1_79' title='bbox 691 2145 772 2192; x_wconf 89' lang='lat' dir='ltr'>esse</span> <span class='ocrx_word' id='word_1_80' title='bbox 810 2126 923 2192; x_wconf 83' lang='lat' dir='ltr'>tontis</span> <span class='ocrx_word' id='word_1_81' title='bbox 951 2125 1163 2192; x_wconf 88' lang='lat' dir='ltr'>secundarii</span> <span class='ocrx_word' id='word_1_82' title='bbox 1193 2131 1278 2190; x_wconf 90' lang='lat' dir='ltr'>ante</span> 
     </span>
    </p>
   </div>
   <div class='ocr_carea' id='block_1_3' title="bbox 95 2238 303 2330">
    <p class='ocr_par' dir='ltr' id='par_1_7' title="bbox 95 2238 303 2330">
     <span class='ocr_line' id='line_1_17' title="bbox 95 2238 303 2330; baseline -0.005 -19"><span class='ocrx_word' id='word_1_83' title='bbox 95 2245 250 2330; x_wconf 89' lang='lat' dir='ltr'>perlecti</span> <span class='ocrx_word' id='word_1_84' title='bbox 264 2238 303 2330; x_wconf 70' lang='lat'>5).</span> 
     </span>
    </p>
   </div>
   <div class='ocr_carea' id='block_1_4' title="bbox 95 2465 305 2472">
    <p class='ocr_par' dir='ltr' id='par_1_8' title="bbox 95 2465 305 2472">
     <span class='ocr_line' id='line_1_18' title="bbox 95 2465 305 2472; baseline -0.01 0"><span class='ocrx_word' id='word_1_85' title='bbox 95 2465 128 2472; x_wconf 82' lang='lat'>-—</span> <span class='ocrx_word' id='word_1_86' title='bbox 134 2465 157 2469; x_wconf 86' lang='grc'>--</span> <span class='ocrx_word' id='word_1_87' title='bbox 179 2466 201 2469; x_wconf 96' lang='grc'>--</span> <span class='ocrx_word' id='word_1_88' title='bbox 210 2465 305 2470; x_wconf 79' lang='grc'>-----.</span> 
     </span>
    </p>
   </div>
   <div class='ocr_carea' id='block_1_5' title="bbox 95 2610 1277 2800">
    <p class='ocr_par' dir='ltr' id='par_1_9' title="bbox 95 2610 1277 2800">
     <span class='ocr_line' id='line_1_19' title="bbox 204 2610 1277 2697; baseline 0 -23"><span class='ocrx_word' id='word_1_89' title='bbox 204 2615 226 2693; x_wconf 84' lang='grc'>1)</span> <span class='ocrx_word' id='word_1_90' title='bbox 260 2616 327 2674; x_wconf 90' lang='lat' dir='ltr'>Non</span> <span class='ocrx_word' id='word_1_91' title='bbox 359 2617 457 2674; x_wconf 91' lang='lat' dir='ltr'>solum</span> <span class='ocrx_word' id='word_1_92' title='bbox 491 2610 631 2697; x_wconf 70' lang='grc' dir='ltr'><em>καθάπερ</em></span> <span class='ocrx_word' id='word_1_93' title='bbox 660 2615 688 2678; x_wconf 81' lang='grc' dir='ltr'>ἑν</span> <span class='ocrx_word' id='word_1_94' title='bbox 717 2610 842 2678; x_wconf 77' lang='grc' dir='ltr'><em>κλύδωνι</em></span> <span class='ocrx_word' id='word_1_95' title='bbox 863 2624 893 2675; x_wconf 91' lang='lat' dir='ltr'>et</span> <span class='ocrx_word' id='word_1_96' title='bbox 914 2617 1091 2691; x_wconf 75' lang='grc' dir='ltr'><em>Ῑλιιιιααιιλώ,</em></span> <span class='ocrx_word' id='word_1_97' title='bbox 1114 2617 1167 2676; x_wconf 85' lang='lat' dir='ltr'>sed</span> <span class='ocrx_word' id='word_1_98' title='bbox 1189 2618 1277 2676; x_wconf 88' lang='lat' dir='ltr'>etiam</span> 
     </span>
     <span class='ocr_line' id='line_1_20' title="bbox 95 2713 886 2800; baseline -0.008 -18"><span class='ocrx_word' id='word_1_99' title='bbox 95 2719 182 2800; x_wconf 76' lang='grc' dir='ltr'><em>δεῦρο</em></span> <span class='ocrx_word' id='word_1_100' title='bbox 205 2713 296 2780; x_wconf 72' lang='lat' dir='ltr'>aduri</span> <span class='ocrx_word' id='word_1_101' title='bbox 313 2725 343 2777; x_wconf 91' lang='lat' dir='ltr'>et</span> <span class='ocrx_word' id='word_1_102' title='bbox 365 2719 420 2775; x_wconf 82' lang='lat' dir='ltr'>huc</span> <span class='ocrx_word' id='word_1_103' title='bbox 441 2717 509 2776; x_wconf 82' lang='grc' dir='ltr'><em>ι’ἰίιιι</em></span> <span class='ocrx_word' id='word_1_104' title='bbox 530 2719 561 2776; x_wconf 91' lang='lat' dir='ltr'>in</span> <span class='ocrx_word' id='word_1_105' title='bbox 586 2737 679 2776; x_wconf 91' lang='lat' dir='ltr'>unum</span> <span class='ocrx_word' id='word_1_106' title='bbox 702 2724 886 2794; x_wconf 89' lang='lat' dir='ltr'>competunt.</span> 
     </span>
    </p>
   </div>
   <div class='ocr_carea' id='block_1_6' title="bbox 95 2849 1279 3137">
    <p class='ocr_par' dir='ltr' id='par_1_10' title="bbox 95 2849 1279 3137">
     <span class='ocr_line' id='line_1_21' title="bbox 202 2849 1279 2935; baseline -0.005 -17"><span class='ocrx_word' id='word_1_107' title='bbox 202 2854 227 2930; x_wconf 82' lang='lat'>²)</span> <span class='ocrx_word' id='word_1_108' title='bbox 250 2854 377 2935; x_wconf 80' lang='grc' dir='ltr'><em>Πρῶτον</em></span> <span class='ocrx_word' id='word_1_109' title='bbox 400 2854 499 2929; x_wconf 76' lang='grc' dir='ltr'><strong><em>ἱππεῖς,</em></strong></span> <span class='ocrx_word' id='word_1_110' title='bbox 522 2854 585 2916; x_wconf 80' lang='grc' dir='ltr'><em>εἶτα</em></span> <span class='ocrx_word' id='word_1_111' title='bbox 607 2849 722 2917; x_wconf 80' lang='grc' dir='ltr'><em>ὁπλῖται</em></span> <span class='ocrx_word' id='word_1_112' title='bbox 744 2853 844 2913; x_wconf 87' lang='lat' dir='ltr'>Tacito</span> <span class='ocrx_word' id='word_1_113' title='bbox 870 2872 929 2913; x_wconf 90' lang='lat' dir='ltr'>non</span> <span class='ocrx_word' id='word_1_114' title='bbox 946 2861 1102 2930; x_wconf 82' lang='lat' dir='ltr'>repugnat,</span> <span class='ocrx_word' id='word_1_115' title='bbox 1118 2855 1203 2913; x_wconf 85' lang='lat' dir='ltr'>euius</span> <span class='ocrx_word' id='word_1_116' title='bbox 1219 2861 1279 2913; x_wconf 79' lang='lat' dir='ltr'>tru-</span> 
     </span>
     <span class='ocr_line' id='line_1_22' title="bbox 95 2956 1279 3033; baseline 0 -16"><span class='ocrx_word' id='word_1_117' title='bbox 95 2977 142 3017; x_wconf 75' lang='lat' dir='ltr'>ces</span> <span class='ocrx_word' id='word_1_118' title='bbox 175 2958 277 3029; x_wconf 77' lang='lat' dir='ltr'>erutis,</span> <span class='ocrx_word' id='word_1_119' title='bbox 312 2957 410 3033; x_wconf 75' lang='lat' dir='ltr'>rapidi</span> <span class='ocrx_word' id='word_1_120' title='bbox 442 2957 523 3032; x_wconf 75' lang='lat' dir='ltr'>equis</span> <span class='ocrx_word' id='word_1_121' title='bbox 555 2959 654 3015; x_wconf 90' lang='lat' dir='ltr'>minus</span> <span class='ocrx_word' id='word_1_122' title='bbox 676 2957 796 3015; x_wconf 86' lang='lat' dir='ltr'>definite</span> <span class='ocrx_word' id='word_1_123' title='bbox 819 2956 936 3015; x_wconf 89' lang='lat' dir='ltr'>dictum</span> <span class='ocrx_word' id='word_1_124' title='bbox 960 2962 1007 3015; x_wconf 91' lang='lat' dir='ltr'>est</span> <span class='ocrx_word' id='word_1_125' title='bbox 1029 2975 1116 3033; x_wconf 87' lang='lat' dir='ltr'>quam</span> <span class='ocrx_word' id='word_1_126' title='bbox 1141 2964 1176 3015; x_wconf 92' lang='lat' dir='ltr'>ut</span> <span class='ocrx_word' id='word_1_127' title='bbox 1199 2957 1279 3017; x_wconf 87' lang='lat' dir='ltr'>solos</span> 
     </span>
     <span class='ocr_line' id='line_1_23' title="bbox 97 3059 776 3137; baseline -0.006 -17"><span class='ocrx_word' id='word_1_128' title='bbox 97 3061 217 3137; x_wconf 86' lang='lat' dir='ltr'>equites</span> <span class='ocrx_word' id='word_1_129' title='bbox 240 3068 329 3136; x_wconf 87' lang='lat' dir='ltr'>putes</span> <span class='ocrx_word' id='word_1_130' title='bbox 354 3059 522 3135; x_wconf 85' lang='lat' dir='ltr'>significari.</span> <span class='ocrx_word' id='word_1_131' title='bbox 773 3063 776 3070; x_wconf 83' lang='lat'>&#39;</span> 
     </span>
    </p>
   </div>
   <div class='ocr_carea' id='block_1_7' title="bbox 96 3194 1280 3782">
    <p class='ocr_par' dir='ltr' id='par_1_11' title="bbox 96 3194 1280 3782">
     <span class='ocr_line' id='line_1_24' title="bbox 202 3194 1279 3274; baseline 0 -20"><span class='ocrx_word' id='word_1_132' title='bbox 202 3194 228 3274; x_wconf 85' lang='lat'>³)</span> <span class='ocrx_word' id='word_1_133' title='bbox 252 3197 295 3254; x_wconf 85' lang='lat' dir='ltr'>De</span> <span class='ocrx_word' id='word_1_134' title='bbox 317 3214 375 3272; x_wconf 88' lang='lat' dir='ltr'>quo</span> <span class='ocrx_word' id='word_1_135' title='bbox 399 3196 488 3254; x_wconf 87' lang='lat' dir='ltr'>verbo</span> <span class='ocrx_word' id='word_1_136' title='bbox 511 3196 562 3253; x_wconf 85' lang='lat' dir='ltr'>cir.</span> <span class='ocrx_word' id='word_1_137' title='bbox 584 3195 717 3253; x_wconf 88' lang='lat' dir='ltr'>Heraeus</span> <span class='ocrx_word' id='word_1_138' title='bbox 739 3195 775 3252; x_wconf 84' lang='lat' dir='ltr'>ad</span> <span class='ocrx_word' id='word_1_139' title='bbox 799 3194 865 3253; x_wconf 82' lang='lat' dir='ltr'>Tac.</span> <span class='ocrx_word' id='word_1_140' title='bbox 887 3195 965 3253; x_wconf 92' lang='lat' dir='ltr'>Hist.</span> <span class='ocrx_word' id='word_1_141' title='bbox 988 3194 1003 3253; x_wconf 97' lang='lat' dir='ltr'>I</span> <span class='ocrx_word' id='word_1_142' title='bbox 1026 3197 1141 3267; x_wconf 76' lang='lat'><strong>53,13.</strong></span> <span class='ocrx_word' id='word_1_143' title='bbox 1178 3196 1279 3272; x_wconf 82' lang='lat' dir='ltr'>Hardy</span> 
     </span>
     <span class='ocr_line' id='line_1_25' title="bbox 96 3291 1279 3376; baseline 0.001 -19"><span class='ocrx_word' id='word_1_144' title='bbox 96 3316 161 3357; x_wconf 92' lang='lat' dir='ltr'>non</span> <span class='ocrx_word' id='word_1_145' title='bbox 184 3303 263 3357; x_wconf 88' lang='lat' dir='ltr'>recte</span> <span class='ocrx_word' id='word_1_146' title='bbox 285 3292 335 3359; x_wconf 89' lang='grc' dir='ltr'>τὸν</span> <span class='ocrx_word' id='word_1_147' title='bbox 357 3291 468 3376; x_wconf 79' lang='grc' dir='ltr'><em>ἰδιώτην</em></span> <span class='ocrx_word' id='word_1_148' title='bbox 489 3297 554 3355; x_wconf 80' lang='lat' dir='ltr'>»the</span> <span class='ocrx_word' id='word_1_149' title='bbox 577 3314 717 3372; x_wconf 76' lang='lat' dir='ltr'>usurpem</span> <span class='ocrx_word' id='word_1_150' title='bbox 740 3296 820 3357; x_wconf 87' lang='lat' dir='ltr'>dicit.</span> <span class='ocrx_word' id='word_1_151' title='bbox 848 3330 884 3337; x_wconf 91' lang='lat'><em>-</em></span> <span class='ocrx_word' id='word_1_152' title='bbox 909 3295 1005 3372; x_wconf 84' lang='lat' dir='ltr'>Groag</span> <span class='ocrx_word' id='word_1_153' title='bbox 1029 3315 1058 3373; x_wconf 91' lang='lat' dir='ltr'>p.</span> <span class='ocrx_word' id='word_1_154' title='bbox 1083 3300 1142 3357; x_wconf 82' lang='grc'>743</span> <span class='ocrx_word' id='word_1_155' title='bbox 1166 3299 1279 3358; x_wconf 90' lang='lat' dir='ltr'>nullius</span> 
     </span>
     <span class='ocr_line' id='line_1_26' title="bbox 96 3398 1280 3475; baseline -0.001 -15"><span class='ocrx_word' id='word_1_156' title='bbox 96 3401 243 3460; x_wconf 88' lang='lat' dir='ltr'>momenti</span> <span class='ocrx_word' id='word_1_157' title='bbox 266 3400 497 3475; x_wconf 79' lang='lat' dir='ltr'>discrepantiam</span> <span class='ocrx_word' id='word_1_158' title='bbox 518 3399 550 3457; x_wconf 91' lang='lat' dir='ltr'>in</span> <span class='ocrx_word' id='word_1_159' title='bbox 573 3399 670 3457; x_wconf 87' lang='lat' dir='ltr'>maius</span> <span class='ocrx_word' id='word_1_160' title='bbox 692 3399 823 3458; x_wconf 80' lang='lat' dir='ltr'>extollit:</span> <span class='ocrx_word' id='word_1_161' title='bbox 850 3398 953 3458; x_wconf 77' lang='lat' dir='ltr'>»Nacti</span> <span class='ocrx_word' id='word_1_162' title='bbox 975 3399 1009 3457; x_wconf 92' lang='lat' dir='ltr'>P.</span> <span class='ocrx_word' id='word_1_163' title='bbox 1032 3406 1197 3459; x_wconf 86' lang='lat' dir='ltr'>zerstreute</span> <span class='ocrx_word' id='word_1_164' title='bbox 1215 3402 1280 3460; x_wconf 83' lang='lat' dir='ltr'>sicli</span> 
     </span>
     <span class='ocr_line' id='line_1_27' title="bbox 97 3500 1280 3579; baseline 0.002 -19"><span class='ocrx_word' id='word_1_165' title='bbox 97 3503 153 3561; x_wconf 90' lang='lat' dir='ltr'>das</span> <span class='ocrx_word' id='word_1_166' title='bbox 188 3503 310 3561; x_wconf 86' lang='lat' dir='ltr'>letztere</span> <span class='ocrx_word' id='word_1_167' title='bbox 343 3501 408 3577; x_wconf 77' lang='lat' dir='ltr'>(das</span> <span class='ocrx_word' id='word_1_168' title='bbox 440 3500 527 3577; x_wconf 81' lang='lat' dir='ltr'>Volk)</span> <span class='ocrx_word' id='word_1_169' title='bbox 560 3502 612 3558; x_wconf 83' lang='lat' dir='ltr'>auf</span> <span class='ocrx_word' id='word_1_170' title='bbox 633 3501 680 3559; x_wconf 87' lang='lat' dir='ltr'>die</span> <span class='ocrx_word' id='word_1_171' title='bbox 702 3501 801 3560; x_wconf 88' lang='lat' dir='ltr'>blosse</span> <span class='ocrx_word' id='word_1_172' title='bbox 823 3502 1042 3577; x_wconf 83' lang='lat' dir='ltr'>Aufforderung</span> <span class='ocrx_word' id='word_1_173' title='bbox 1064 3502 1116 3561; x_wconf 88' lang='lat' dir='ltr'>der</span> <span class='ocrx_word' id='word_1_174' title='bbox 1139 3502 1280 3579; x_wconf 86' lang='lat' dir='ltr'>Truppen</span> 
     </span>
     <span class='ocr_line' id='line_1_28' title="bbox 97 3602 1279 3678; baseline 0.002 -15"><span class='ocrx_word' id='word_1_175' title='bbox 97 3605 166 3664; x_wconf 88' lang='lat' dir='ltr'>hin:</span> <span class='ocrx_word' id='word_1_176' title='bbox 198 3622 253 3662; x_wconf 88' lang='lat' dir='ltr'>aus</span> <span class='ocrx_word' id='word_1_177' title='bbox 276 3602 307 3661; x_wconf 87' lang='lat' dir='ltr'>T.</span> <span class='ocrx_word' id='word_1_178' title='bbox 330 3603 465 3678; x_wconf 86' lang='lat' dir='ltr'>gewinnt</span> <span class='ocrx_word' id='word_1_179' title='bbox 488 3621 556 3660; x_wconf 81' lang='lat' dir='ltr'>oran</span> <span class='ocrx_word' id='word_1_180' title='bbox 579 3603 636 3661; x_wconf 87' lang='lat' dir='ltr'>den</span> <span class='ocrx_word' id='word_1_181' title='bbox 659 3603 821 3677; x_wconf 81' lang='lat' dir='ltr'>Eindruok,</span> <span class='ocrx_word' id='word_1_182' title='bbox 844 3604 915 3661; x_wconf 87' lang='lat' dir='ltr'>dass</span> <span class='ocrx_word' id='word_1_183' title='bbox 938 3621 970 3662; x_wconf 90' lang='lat' dir='ltr'>es</span> <span class='ocrx_word' id='word_1_184' title='bbox 994 3604 1049 3662; x_wconf 90' lang='lat' dir='ltr'>mit</span> <span class='ocrx_word' id='word_1_185' title='bbox 1071 3603 1189 3664; x_wconf 84' lang='lat' dir='ltr'>Gewalt</span> <span class='ocrx_word' id='word_1_186' title='bbox 1210 3625 1279 3666; x_wconf 86' lang='lat' dir='ltr'>aus-</span> 
     </span>
     <span class='ocr_line' id='line_1_29' title="bbox 98 3705 1084 3782; baseline 0.001 -17"><span class='ocrx_word' id='word_1_187' title='bbox 98 3706 394 3782; x_wconf 84' lang='lat' dir='ltr'>einandergetrieben</span> <span class='ocrx_word' id='word_1_188' title='bbox 417 3705 551 3778; x_wconf 78' lang='lat' dir='ltr'>wurde›&gt;;</span> <span class='ocrx_word' id='word_1_189' title='bbox 574 3705 646 3764; x_wconf 92' lang='lat' dir='ltr'>item</span> <span class='ocrx_word' id='word_1_190' title='bbox 669 3724 697 3781; x_wconf 91' lang='lat' dir='ltr'>p.</span> <span class='ocrx_word' id='word_1_191' title='bbox 722 3708 793 3765; x_wconf 83' lang='lat'><strong>766.</strong></span> <span class='ocrx_word' id='word_1_192' title='bbox 818 3740 857 3748; x_wconf 89' lang='lat'>—-</span> <span class='ocrx_word' id='word_1_193' title='bbox 882 3705 940 3764; x_wconf 80' lang='lat' dir='ltr'>cfr.</span> <span class='ocrx_word' id='word_1_194' title='bbox 964 3706 1031 3764; x_wconf 88' lang='lat' dir='ltr'>adn.</span> <span class='ocrx_word' id='word_1_195' title='bbox 1056 3710 1084 3766; x_wconf 85' lang='lat'>5.</span> 
     </span>
    </p>
   </div>
   <div class='ocr_carea' id='block_1_8' title="bbox 98 3834 1282 4130">
    <p class='ocr_par' dir='ltr' id='par_1_12' title="bbox 98 3834 1282 4130">
     <span class='ocr_line' id='line_1_30' title="bbox 203 3834 1280 3924; baseline -0.004 -17"><span class='ocrx_word' id='word_1_196' title='bbox 203 3840 230 3921; x_wconf 74' lang='grc'>4)</span> <span class='ocrx_word' id='word_1_197' title='bbox 258 3842 337 3907; x_wconf 82' lang='grc' dir='ltr'>Θεάν</span> <span class='ocrx_word' id='word_1_198' title='bbox 358 3834 603 3924; x_wconf 79' lang='grc' dir='ltr'><em>καταλαμβάνειν,</em></span> <span class='ocrx_word' id='word_1_199' title='bbox 626 3842 705 3918; x_wconf 89' lang='lat' dir='ltr'>quod</span> <span class='ocrx_word' id='word_1_200' title='bbox 728 3860 766 3899; x_wconf 89' lang='lat' dir='ltr'>an</span> <span class='ocrx_word' id='word_1_201' title='bbox 781 3843 839 3901; x_wconf 86' lang='lat' dir='ltr'>dici</span> <span class='ocrx_word' id='word_1_202' title='bbox 856 3860 915 3900; x_wconf 89' lang='lat' dir='ltr'>non</span> <span class='ocrx_word' id='word_1_203' title='bbox 930 3843 1028 3918; x_wconf 87' lang='lat' dir='ltr'>possit</span> <span class='ocrx_word' id='word_1_204' title='bbox 1044 3843 1159 3903; x_wconf 87' lang='lat' dir='ltr'>dubitat</span> <span class='ocrx_word' id='word_1_205' title='bbox 1171 3844 1280 3903; x_wconf 89' lang='lat' dir='ltr'>Lezius</span> 
     </span>
     <span class='ocr_line' id='line_1_31' title="bbox 98 3944 1282 4024; baseline -0.002 -18"><span class='ocrx_word' id='word_1_206' title='bbox 98 3965 129 4024; x_wconf 89' lang='lat' dir='ltr'>p.</span> <span class='ocrx_word' id='word_1_207' title='bbox 153 3949 193 4006; x_wconf 82' lang='lat'>59</span> <span class='ocrx_word' id='word_1_208' title='bbox 216 3945 283 4004; x_wconf 90' lang='lat' dir='ltr'>adn.</span> <span class='ocrx_word' id='word_1_209' title='bbox 309 3947 335 4019; x_wconf 87' lang='lat'>1,</span> <span class='ocrx_word' id='word_1_210' title='bbox 357 3949 404 4003; x_wconf 91' lang='lat' dir='ltr'>est</span> <span class='ocrx_word' id='word_1_211' title='bbox 427 3944 524 4003; x_wconf 89' lang='lat' dir='ltr'>locum</span> <span class='ocrx_word' id='word_1_212' title='bbox 547 3962 698 4020; x_wconf 86' lang='lat' dir='ltr'>occupare.</span> <span class='ocrx_word' id='word_1_213' title='bbox 743 3944 787 4003; x_wconf 79' lang='lat' dir='ltr'>Of.</span> <span class='ocrx_word' id='word_1_214' title='bbox 815 3963 891 4022; x_wconf 86' lang='lat' dir='ltr'>qnos</span> <span class='ocrx_word' id='word_1_215' title='bbox 923 3945 1027 4020; x_wconf 88' lang='lat' dir='ltr'>Hardy</span> <span class='ocrx_word' id='word_1_216' title='bbox 1057 3947 1168 4022; x_wconf 85' lang='lat' dir='ltr'>profert</span> <span class='ocrx_word' id='word_1_217' title='bbox 1190 3945 1282 4018; x_wconf 77' lang='lat' dir='ltr'>lecca,</span> 
     </span>
     <span class='ocr_line' id='line_1_32' title="bbox 100 4041 1280 4130; baseline -0.002 -21"><span class='ocrx_word' id='word_1_218' title='bbox 100 4049 254 4109; x_wconf 85' lang='lat' dir='ltr'>Demosth.</span> <span class='ocrx_word' id='word_1_219' title='bbox 277 4054 369 4107; x_wconf 84' lang='lat' dir='ltr'>contr.</span> <span class='ocrx_word' id='word_1_220' title='bbox 393 4048 461 4106; x_wconf 84' lang='lat' dir='ltr'>Mid.</span> <span class='ocrx_word' id='word_1_221' title='bbox 487 4049 559 4123; x_wconf 51' lang='lat'>178,</span> <span class='ocrx_word' id='word_1_222' title='bbox 576 4045 651 4110; x_wconf 77' lang='grc' dir='ltr'><em>θέαν</em></span> <span class='ocrx_word' id='word_1_223' title='bbox 672 4050 748 4116; x_wconf 81' lang='grc' dir='ltr'><em>τινὸς</em></span> <span class='ocrx_word' id='word_1_224' title='bbox 763 4041 1044 4130; x_wconf 74' lang='grc' dir='ltr'><em>καταλαμβάνοντος</em></span> <span class='ocrx_word' id='word_1_225' title='bbox 1059 4054 1088 4107; x_wconf 84' lang='lat' dir='ltr'>et</span> <span class='ocrx_word' id='word_1_226' title='bbox 1104 4049 1140 4107; x_wconf 85' lang='lat' dir='ltr'>de</span> <span class='ocrx_word' id='word_1_227' title='bbox 1153 4048 1217 4106; x_wconf 81' lang='lat' dir='ltr'>Cor.</span> <span class='ocrx_word' id='word_1_228' title='bbox 1231 4049 1280 4107; x_wconf 80' lang='lat'>28.</span> 
     </span>
    </p>
   </div>
   <div class='ocr_carea' id='block_1_9' title="bbox 100 4183 1281 4365">
    <p class='ocr_par' dir='ltr' id='par_1_13' title="bbox 100 4183 1281 4365">
     <span class='ocr_line' id='line_1_33' title="bbox 205 4183 1281 4262; baseline -0.001 -19"><span class='ocrx_word' id='word_1_229' title='bbox 205 4185 229 4262; x_wconf 83' lang='lat'>⁵)</span> <span class='ocrx_word' id='word_1_230' title='bbox 263 4184 440 4243; x_wconf 87' lang='lat' dir='ltr'>Suetonium</span> <span class='ocrx_word' id='word_1_231' title='bbox 473 4183 581 4242; x_wconf 77' lang='lat' dir='ltr'>Lenius</span> <span class='ocrx_word' id='word_1_232' title='bbox 604 4203 632 4259; x_wconf 90' lang='lat' dir='ltr'>p.</span> <span class='ocrx_word' id='word_1_233' title='bbox 657 4186 696 4243; x_wconf 83' lang='lat'>59</span> <span class='ocrx_word' id='word_1_234' title='bbox 720 4201 763 4260; x_wconf 88' lang='lat' dir='ltr'>sq.</span> <span class='ocrx_word' id='word_1_235' title='bbox 787 4184 928 4259; x_wconf 83' lang='lat' dir='ltr'>neglegit,</span> <span class='ocrx_word' id='word_1_236' title='bbox 962 4202 1030 4243; x_wconf 90' lang='lat' dir='ltr'>cum</span> <span class='ocrx_word' id='word_1_237' title='bbox 1065 4186 1139 4243; x_wconf 90' lang='lat' dir='ltr'>hano</span> <span class='ocrx_word' id='word_1_238' title='bbox 1163 4202 1281 4260; x_wconf 83' lang='lat' dir='ltr'>pugnae</span> 
     </span>
     <span class='ocr_line' id='line_1_34' title="bbox 100 4287 683 4365; baseline -0.002 -18"><span class='ocrx_word' id='word_1_239' title='bbox 100 4287 387 4365; x_wconf 88' lang='lat' dir='ltr'>descriptiunculam</span> <span class='ocrx_word' id='word_1_240' title='bbox 412 4287 565 4361; x_wconf 84' lang='lat' dir='ltr'>vulgarem</span> <span class='ocrx_word' id='word_1_241' title='bbox 589 4293 683 4347; x_wconf 85' lang='lat' dir='ltr'>vocat.</span> 
     </span>
    </p>
   </div>
   <div class='ocr_carea' id='block_1_10' title="bbox 0 0 1500 4800">
    <p class='ocr_par' dir='ltr' id='par_1_14' title="bbox 0 0 1500 4800">
     <span class='ocr_line' id='line_1_35' title="bbox 0 0 1500 4800; baseline 0 0"><span class='ocrx_word' id='word_1_242' title='bbox 0 0 1500 4800; x_wconf 95' lang='lat' dir='ltr'> </span> 
     </span>
    </p>
   </div>
  </div>
 </body>
</html>
