2978 4800
193 276 281 322 XXVI

255 453 423 519 Alterum
451 453 523 518 iam
554 471 675 539 genus
704 453 1012 531 examinabimus,
1034 471 1109 537 quo
1128 451 1166 516 in
1191 468 1331 536 genere

150 577 238 639 sunt
266 592 332 638 eae
360 591 432 650 res,
462 591 557 656 quas
585 571 807 638 Plutarchus
826 591 902 638 non
922 592 990 638 sua
1010 576 1143 656 sponte
1163 570 1332 647 attexuit,

151 692 216 760 sed
247 692 397 758 aliunde
425 691 592 757 inseruit.
644 691 805 757 Nimium
834 692 932 757 enim
960 692 1087 757 Tacito
1114 688 1330 774 cupiebant,

150 813 225 897 qui,
261 813 525 898 quodcumque
559 811 659 895 apud
690 811 789 876 hunc
820 811 1108 888 desideraretur,
1140 809 1332 875 Plutarchi

148 931 296 998 licentia
323 932 450 997 lictum
481 949 562 997 esse
584 930 880 1011 arbitrabantur;
905 950 1028 1015 neque
1050 929 1290 997 Plutarchum
1311 947 1332 994 e

150 1052 276 1118 Tacito
313 1051 478 1135 pendere
507 1050 745 1116 statuendum
774 1055 839 1129 est,
865 1051 937 1116 nisi
965 1050 1030 1116 ubi
1063 1049 1200 1116 similes
1229 1053 1330 1114 sunt.

152 1170 226 1237 Sed
255 1190 353 1255 quae
381 1169 604 1236 Plutarchus
632 1169 758 1247 refert,
787 1188 1027 1254 nequaquam
1056 1169 1108 1234 ita
1128 1172 1215 1234 sunt
1233 1168 1333 1233 inter

150 1311 189 1357 se
226 1310 368 1357 conexa
404 1295 440 1356 et
467 1290 667 1356 indiscreta
696 1289 831 1367 omnia,
860 1294 949 1355 ute
978 1288 1199 1354 secundario
1226 1287 1333 1353 fonte

149 1430 223 1476 non
253 1411 441 1496 quaedam
469 1409 657 1493 interponi
684 1408 884 1492 potuerint.
927 1409 972 1474 In
997 1427 1073 1493 quo
1092 1407 1219 1472 mirari
1239 1407 1334 1473 satis

149 1550 223 1596 non
253 1550 363 1615 que0,
398 1529 500 1596 unde
540 1530 610 1595 hoc
650 1529 699 1594 sit
726 1529 833 1614 quasi
862 1529 1052 1594 oculorum
1081 1526 1331 1605 mendacium,

149 1669 225 1734 quo
267 1650 443 1733 deceptus
483 1649 686 1714 Mommsen
729 1647 819 1713 illud
861 1648 1013 1713 omnino
1048 1646 1132 1712 fieri
1159 1645 1330 1731 potuisse

149 1777 224 1837 tam
259 1769 468 1854 praefracte
496 1769 693 1854 negaverit
712 1760 748 1852 l).
806 1768 925 1833 Tanto
955 1771 1104 1832 auctore
1132 1784 1229 1849 quae
1255 1771 1332 1831 stat

149 1891 276 1975 opinio
319 1890 491 1955 nimirum
528 1908 648 1974 usque
686 1890 732 1954 ad
772 1889 870 1954 hunc
898 1887 995 1953 diem
1023 1886 1224 1972 perviguit.
1282 1885 1333 1952 At

151 2030 194 2077 ea
221 2011 304 2094 ipsa
336 2009 407 2075 tuit
438 2009 629 2075 Plutarchi
662 2008 849 2074 scribendi
876 2007 981 2085 ratic,
1008 2011 1049 2072 ut
1078 2005 1149 2072 alia
1178 2005 1332 2071 aliunde

150 2129 340 2215 colligeret
377 2133 667 2213 contexeretque
686 2121 724 2212 2).
781 2127 891 2203 Quod
932 2146 1013 2192 cum
1056 2145 1203 2209 semper
1237 2124 1331 2190 alias

150 2248 283 2314 fecisse
312 2267 396 2313 eum
424 2252 578 2325 constet,
608 2247 697 2331 quid
727 2251 784 2312 est
810 2266 875 2312 cur
902 2246 938 2311 in
969 2244 1088 2311 Galba
1117 2251 1152 2310 et
1181 2244 1332 2311 Othone

152 2368 387 2452 potissimum
428 2367 631 2433 concedere
672 2366 844 2433 dubites?
900 2364 1008 2432 Certe
1049 2365 1165 2430 multo
1207 2364 1331 2430 minus

150 2488 283 2552 mirum
313 2492 369 2553 est
397 2487 428 2552 si
451 2486 674 2552 Plutarchus
693 2486 820 2571 plures
842 2490 1010 2551 auctores
1030 2483 1197 2550 confudit
1217 2503 1330 2569 quam

150 2608 181 2672 si
207 2626 324 2673 unum
353 2607 501 2672 Tacitus
530 2607 788 2690 exscripsisset
805 2598 841 2695 3).

254 2788 277 2868 ¹)
302 2791 334 2849 P.
358 2793 434 2849 315:
458 2809 504 2848 »er
528 2789 690 2867 [Plutarch]
715 2790 814 2863 bringt
837 2790 913 2846 auch
935 2789 1001 2846 eine
1030 2787 1136 2862 llcnge
1160 2806 1218 2844 von
1240 2786 1332 2845 That-

150 2894 266 2962 sachen,
289 2893 337 2950 die
371 2894 416 2950 bei
451 2891 571 2950 Tacitus
606 2892 688 2950 nicht
721 2911 758 2949 zu
792 2892 891 2948 finden
924 2891 985 2948 und
1014 2891 1089 2948 (loch
1113 2890 1166 2947 mit
1189 2889 1241 2947 der
1263 2890 1332 2948 dem

149 2995 291 3053 Plutarch
324 2996 386 3052 und
413 2996 480 3053 dem
512 2993 632 3053 Tacitus
665 2994 976 3069 gemeinschaftlichen
1009 2992 1178 3066 Erzahlung
1205 3009 1239 3049 so
1273 3010 1332 3067 eng

107 3143 110 3148 .
151 3098 347 3156 rer=uachsen
370 3098 446 3171 sind,
470 3098 540 3156 dass
562 3097 667 3172 jedem,
689 3096 742 3153 der
765 3095 796 3153 in
820 3097 939 3154 solchen
960 3096 1232 3168 Untersnchungeu
1256 3094 1332 3152 Takt

151 3200 213 3258 und
236 3199 363 3274 Uebung
386 3201 444 3272 hat,
463 3200 516 3257 der
532 3199 672 3257 Gedanlre
687 3217 725 3255 an
740 3199 806 3256 eine
820 3198 992 3272 Einlegung
1008 3197 1163 3254 derselbeu
1178 3214 1234 3254 aus
1250 3197 1333 3254 einer

151 3303 277 3360 zweiten
306 3301 409 3374 Quelle
439 3320 498 3360 von
526 3321 597 3360 roru
625 3301 726 3359 hereiu
754 3301 798 3359 als
827 3300 1001 3374 untalassig
1023 3299 1200 3357 erseheinen
1224 3316 1330 3356 mass».

253 3404 276 3479 2)
299 3405 357 3463 Cir.
380 3405 504 3478 Croiset,
527 3405 658 3463 Histoire
688 3405 724 3462 de
750 3404 779 3461 la
805 3404 969 3462 litterature
990 3421 1128 3478 grecque,
1151 3401 1178 3457 V
1201 3420 1229 3477 p.
1252 3403 1329 3461 492:

150 3526 240 3582 »pour
271 3525 435 3582 composer,
457 3507 477 3565 il
501 3527 518 3565 a
540 3525 666 3583 presque
701 3507 836 3583 toujours
869 3505 1065 3564 collectionnd
1096 3511 1125 3562 et
1141 3504 1331 3580 juxtapose»;

151 3609 239 3668 Peter
269 3610 303 3669 G.
326 3610 359 3668 L.
382 3611 411 3668 Il
441 3629 469 3686 p.
494 3612 569 3669 268:
603 3629 656 3668 »zu
690 3610 932 3678 hortaminiereu,
966 3608 1025 3666 und
1061 3626 1142 3664 zwar
1171 3607 1249 3664 auch
1276 3623 1332 3664 aus

152 3714 268 3771 hleinen
302 3714 478 3785 Stiiclrchen,
507 3714 560 3771 hat
592 3713 734 3771 Plutarch
770 3712 976 3786 rerstanden»;
1011 3711 1063 3769 cfr.
1097 3729 1124 3786 p.
1161 3711 1231 3768 265.
1266 3709 1332 3767 Vid.

151 3816 240 3873 etiam
263 3815 385 3873 Norden
408 3816 423 3873 I
446 3834 473 3890 p.
498 3817 536 3874 90
560 3816 626 3872 adn.
654 3817 686 3872 1:
711 3814 875 3892 »Plutarch
899 3813 989 3871 der..
1011 3831 1060 3869 um
1094 3812 1170 3870 mich
1201 3829 1233 3869 so
1262 3829 1332 3869 aus-

153 3919 332 3984 zudriichen,
353 3913 393 3980 roi
418 3918 477 3980 cair
499 3911 599 3980 cilium
621 3915 786 3996 ovvvqru'rsr
807 3925 867 3986 τοῖς
889 3914 1016 3977 ἑαυτοῦ».

254 4019 277 4095 ³)
301 4020 459 4079 iuncturae
493 4021 573 4095 quod
608 4020 782 4095 plerumque
814 4037 872 4076 non
903 4024 1074 4089 cernuntur,
1098 4018 1127 4074 in
1159 4034 1193 4074 eo
1221 4017 1332 4075 nollem

150 4123 297 4181 haesisset
320 4106 405 4180 Fabia
429 4142 456 4198 p.
484 4125 541 4182 tut
566 4141 625 4199 sq:
643 4124 694 4181 cfr.
711 4121 887 4180 Gutschmid
904 4140 931 4196 p.
951 4123 984 4179 5:
1008 4138 1056 4178 »so
1074 4120 1190 4178 rnoehte
1207 4137 1240 4178 es
1256 4120 1333 4177 auch

151 4225 245 4283 einem
271 4226 386 4283 minder
408 4228 536 4301 geiibten
561 4225 774 4284 Schriltsteller
796 4224 942 4298 gelingen,
965 4223 1012 4280 die
1034 4223 1100 4280 eine
1125 4220 1252 4300 [Quelle]
1277 4239 1333 4280 aus

152 4328 204 4386 der
225 4328 354 4386 anderen
377 4346 410 4387 so
434 4348 471 4386 zu
493 4334 650 4403 erganzen,
672 4328 742 4386 dass
766 4327 821 4384 wir
843 4326 890 4383 die
912 4325 1134 4384 Commissuren
1151 4325 1234 4383 nicht
1250 4324 1335 4382 mehr
