<?xml version="1.0" encoding="UTF-8"?>
<!DOCTYPE html PUBLIC "-//W3C//DTD XHTML 1.0 Transitional//EN"
    "http://www.w3.org/TR/xhtml1/DTD/xhtml1-transitional.dtd">
<html xmlns="http://www.w3.org/1999/xhtml" xml:lang="en" lang="en">
 <head>
  <title>
</title>
<meta http-equiv="Content-Type" content="text/html;charset=utf-8" />
  <meta name='ocr-system' content='tesseract 3.04.00' />
  <meta name='ocr-capabilities' content='ocr_page ocr_carea ocr_par ocr_line ocrx_word'/>
</head>
<body>
  <div class='ocr_page' id='page_1' title='image "./deplutarchoetta00boregoog_0032.png"; bbox 0 0 2978 4800; ppageno 0'>
   <div class='ocr_carea' id='block_1_1' title="bbox 1170 255 1264 301">
    <p class='ocr_par' dir='ltr' id='par_1_1' title="bbox 1170 255 1264 301">
     <span class='ocr_line' id='line_1_1' title="bbox 1170 255 1264 301; baseline -0.021 0"><span class='ocrx_word' id='word_1_1' title='bbox 1170 255 1264 301; x_wconf 89' lang='lat' dir='ltr'>XXIII</span> 
     </span>
    </p>
   </div>
   <div class='ocr_carea' id='block_1_2' title="bbox 122 413 1307 519">
    <p class='ocr_par' dir='ltr' id='par_1_2' title="bbox 122 413 1307 519">
     <span class='ocr_line' id='line_1_2' title="bbox 122 413 1307 519; baseline -0.002 -21"><span class='ocrx_word' id='word_1_2' title='bbox 122 433 203 499; x_wconf 87' lang='lat' dir='ltr'>vita</span> <span class='ocrx_word' id='word_1_3' title='bbox 244 413 445 512; x_wconf 81' lang='lat' dir='ltr'>Coriolani,</span> <span class='ocrx_word' id='word_1_4' title='bbox 476 452 588 519; x_wconf 91' lang='lat' dir='ltr'>quam</span> <span class='ocrx_word' id='word_1_5' title='bbox 617 437 730 500; x_wconf 91' lang='lat' dir='ltr'>totam</span> <span class='ocrx_word' id='word_1_6' title='bbox 768 432 815 498; x_wconf 91' lang='lat' dir='ltr'>de</span> <span class='ocrx_word' id='word_1_7' title='bbox 851 431 1034 516; x_wconf 90' lang='lat' dir='ltr'>Dionysio</span> <span class='ocrx_word' id='word_1_8' title='bbox 1070 431 1307 496; x_wconf 93' lang='lat' dir='ltr'>Halicarnas-</span> 
     </span>
    </p>
   </div>
   <div class='ocr_carea' id='block_1_3' title="bbox 120 552 1352 3148">
    <p class='ocr_par' dir='ltr' id='par_1_3' title="bbox 120 552 1306 758">
     <span class='ocr_line' id='line_1_3' title="bbox 122 552 1306 638; baseline -0.003 -20"><span class='ocrx_word' id='word_1_9' title='bbox 122 553 224 618; x_wconf 91' lang='lat' dir='ltr'>sensi</span> <span class='ocrx_word' id='word_1_10' title='bbox 261 552 434 618; x_wconf 84' lang='lat' dir='ltr'>haustam</span> <span class='ocrx_word' id='word_1_11' title='bbox 472 572 555 618; x_wconf 90' lang='lat' dir='ltr'>esse</span> <span class='ocrx_word' id='word_1_12' title='bbox 591 552 693 618; x_wconf 87' lang='lat' dir='ltr'>haud</span> <span class='ocrx_word' id='word_1_13' title='bbox 730 552 941 638; x_wconf 81' lang='lat' dir='ltr'>ambigitur,</span> <span class='ocrx_word' id='word_1_14' title='bbox 977 570 1053 616; x_wconf 92' lang='lat' dir='ltr'>non</span> <span class='ocrx_word' id='word_1_15' title='bbox 1088 569 1209 634; x_wconf 89' lang='lat' dir='ltr'>pauca</span> <span class='ocrx_word' id='word_1_16' title='bbox 1237 570 1306 616; x_wconf 92' lang='lat' dir='ltr'>suo</span> 
     </span>
     <span class='ocr_line' id='line_1_4' title="bbox 120 662 1177 758; baseline -0.003 -20"><span class='ocrx_word' id='word_1_17' title='bbox 120 673 204 738; x_wconf 89' lang='lat' dir='ltr'>loco</span> <span class='ocrx_word' id='word_1_18' title='bbox 231 672 405 750; x_wconf 83' lang='lat' dir='ltr'>reddidit,</span> <span class='ocrx_word' id='word_1_19' title='bbox 434 691 531 758; x_wconf 85' lang='lat' dir='ltr'>quac</span> <span class='ocrx_word' id='word_1_20' title='bbox 560 676 689 738; x_wconf 81' lang='lat' dir='ltr'>auctor</span> <span class='ocrx_word' id='word_1_21' title='bbox 717 673 796 738; x_wconf 91' lang='lat' dir='ltr'>eius</span> <span class='ocrx_word' id='word_1_22' title='bbox 826 671 914 737; x_wconf 90' lang='lat' dir='ltr'>alibi</span> <span class='ocrx_word' id='word_1_23' title='bbox 942 673 1121 754; x_wconf 88' lang='lat' dir='ltr'>posuerat</span> <span class='ocrx_word' id='word_1_24' title='bbox 1140 662 1177 747; x_wconf 77' lang='grc'>11.</span> 
     </span>
    </p>

    <p class='ocr_par' dir='ltr' id='par_1_4' title="bbox 120 781 1307 1694">
     <span class='ocr_line' id='line_1_5' title="bbox 226 781 1306 875; baseline -0.002 -18"><span class='ocrx_word' id='word_1_25' title='bbox 226 792 307 857; x_wconf 92' lang='lat' dir='ltr'>Iam</span> <span class='ocrx_word' id='word_1_26' title='bbox 325 794 406 857; x_wconf 90' lang='lat' dir='ltr'>acta</span> <span class='ocrx_word' id='word_1_27' title='bbox 427 795 580 857; x_wconf 91' lang='lat' dir='ltr'>senatus</span> <span class='ocrx_word' id='word_1_28' title='bbox 597 791 721 857; x_wconf 90' lang='lat' dir='ltr'>adisse</span> <span class='ocrx_word' id='word_1_29' title='bbox 741 791 908 857; x_wconf 87' lang='lat' dir='ltr'>Tacitum</span> <span class='ocrx_word' id='word_1_30' title='bbox 929 789 1056 875; x_wconf 83' lang='lat' dir='ltr'>Groag</span> <span class='ocrx_word' id='word_1_31' title='bbox 1070 781 1096 874; x_wconf 75' lang='grc'>2)</span> <span class='ocrx_word' id='word_1_32' title='bbox 1114 794 1151 855; x_wconf 84' lang='grc'>31</span> <span class='ocrx_word' id='word_1_33' title='bbox 1166 789 1306 856; x_wconf 90' lang='lat' dir='ltr'>subtili·</span> 
     </span>
     <span class='ocr_line' id='line_1_6' title="bbox 122 909 1305 993; baseline -0.003 -15"><span class='ocrx_word' id='word_1_34' title='bbox 122 916 180 978; x_wconf 92' lang='lat' dir='ltr'>ter</span> <span class='ocrx_word' id='word_1_35' title='bbox 208 912 316 978; x_wconf 88' lang='lat' dir='ltr'>docet</span> <span class='ocrx_word' id='word_1_36' title='bbox 341 914 378 976; x_wconf 91' lang='lat' dir='ltr'>et</span> <span class='ocrx_word' id='word_1_37' title='bbox 404 911 494 977; x_wconf 92' lang='lat' dir='ltr'>mihi</span> <span class='ocrx_word' id='word_1_38' title='bbox 521 913 619 976; x_wconf 89' lang='lat' dir='ltr'>certe</span> <span class='ocrx_word' id='word_1_39' title='bbox 648 910 761 976; x_wconf 87' lang='lat' dir='ltr'>fidem</span> <span class='ocrx_word' id='word_1_40' title='bbox 789 910 887 976; x_wconf 87' lang='lat' dir='ltr'>facit.</span> <span class='ocrx_word' id='word_1_41' title='bbox 937 909 1012 976; x_wconf 81' lang='lat' dir='ltr'>Sed</span> <span class='ocrx_word' id='word_1_42' title='bbox 1042 910 1143 993; x_wconf 89' lang='lat' dir='ltr'>apud</span> <span class='ocrx_word' id='word_1_43' title='bbox 1163 910 1305 977; x_wconf 91' lang='lat' dir='ltr'>Plutar-</span> 
     </span>
     <span class='ocr_line' id='line_1_7' title="bbox 121 1029 1307 1116; baseline -0.002 -19"><span class='ocrx_word' id='word_1_44' title='bbox 121 1032 233 1098; x_wconf 89' lang='lat' dir='ltr'>chum</span> <span class='ocrx_word' id='word_1_45' title='bbox 253 1031 472 1109; x_wconf 87' lang='lat' dir='ltr'>desiderari,</span> <span class='ocrx_word' id='word_1_46' title='bbox 491 1030 667 1116; x_wconf 91' lang='lat' dir='ltr'>quicquid</span> <span class='ocrx_word' id='word_1_47' title='bbox 688 1030 734 1096; x_wconf 91' lang='lat' dir='ltr'>de</span> <span class='ocrx_word' id='word_1_48' title='bbox 751 1034 884 1096; x_wconf 92' lang='lat' dir='ltr'>senatu</span> <span class='ocrx_word' id='word_1_49' title='bbox 901 1029 1109 1096; x_wconf 76' lang='lat' dir='ltr'>accuratius</span> <span class='ocrx_word' id='word_1_50' title='bbox 1124 1029 1307 1113; x_wconf 87' lang='lat' dir='ltr'>praebeat</span> 
     </span>
     <span class='ocr_line' id='line_1_8' title="bbox 122 1149 1306 1230; baseline -0.003 -13"><span class='ocrx_word' id='word_1_51' title='bbox 122 1151 285 1230; x_wconf 86' lang='lat' dir='ltr'>Tacitus,</span> <span class='ocrx_word' id='word_1_52' title='bbox 306 1151 443 1216; x_wconf 92' lang='lat' dir='ltr'>iniuria</span> <span class='ocrx_word' id='word_1_53' title='bbox 463 1151 620 1216; x_wconf 86' lang='lat' dir='ltr'>miratus</span> <span class='ocrx_word' id='word_1_54' title='bbox 639 1150 736 1216; x_wconf 85' lang='lat' dir='ltr'>idem</span> <span class='ocrx_word' id='word_1_55' title='bbox 757 1149 943 1217; x_wconf 88' lang='lat' dir='ltr'>concludit</span> <span class='ocrx_word' id='word_1_56' title='bbox 962 1149 1049 1215; x_wconf 85' lang='lat' dir='ltr'>inde</span> <span class='ocrx_word' id='word_1_57' title='bbox 1064 1149 1306 1215; x_wconf 89' lang='lat' dir='ltr'>Plutarchum</span> 
     </span>
     <span class='ocr_line' id='line_1_9' title="bbox 122 1261 1302 1356; baseline -0.002 -20"><span class='ocrx_word' id='word_1_58' title='bbox 122 1271 240 1337; x_wconf 86' lang='lat' dir='ltr'>Taciti</span> <span class='ocrx_word' id='word_1_59' title='bbox 276 1271 393 1337; x_wconf 88' lang='lat' dir='ltr'>fuisse</span> <span class='ocrx_word' id='word_1_60' title='bbox 428 1261 659 1356; x_wconf 63' lang='lat' dir='ltr'>ignarumssl.</span> <span class='ocrx_word' id='word_1_61' title='bbox 715 1270 885 1354; x_wconf 83' lang='lat' dir='ltr'>Namque</span> <span class='ocrx_word' id='word_1_62' title='bbox 922 1273 958 1335; x_wconf 89' lang='grc'>31</span> <span class='ocrx_word' id='word_1_63' title='bbox 992 1269 1035 1336; x_wconf 83' lang='lat' dir='ltr'>G.</span> <span class='ocrx_word' id='word_1_64' title='bbox 1066 1269 1114 1335; x_wconf 81' lang='lat'>28</span> <span class='ocrx_word' id='word_1_65' title='bbox 1144 1273 1180 1335; x_wconf 88' lang='lat' dir='ltr'>et</span> <span class='ocrx_word' id='word_1_66' title='bbox 1208 1269 1251 1336; x_wconf 92' lang='lat' dir='ltr'>O.</span> <span class='ocrx_word' id='word_1_67' title='bbox 1285 1270 1302 1334; x_wconf 94' lang='lat'>1</span> 
     </span>
     <span class='ocr_line' id='line_1_10' title="bbox 121 1387 1305 1474; baseline -0.003 -19"><span class='ocrx_word' id='word_1_68' title='bbox 121 1408 244 1474; x_wconf 91' lang='lat' dir='ltr'>usque</span> <span class='ocrx_word' id='word_1_69' title='bbox 273 1408 317 1455; x_wconf 89' lang='lat' dir='ltr'>eo</span> <span class='ocrx_word' id='word_1_70' title='bbox 345 1389 591 1467; x_wconf 89' lang='lat' dir='ltr'>consentiunt,</span> <span class='ocrx_word' id='word_1_71' title='bbox 619 1393 661 1454; x_wconf 93' lang='lat' dir='ltr'>ut</span> <span class='ocrx_word' id='word_1_72' title='bbox 687 1389 758 1454; x_wconf 90' lang='lat' dir='ltr'>nisi</span> <span class='ocrx_word' id='word_1_73' title='bbox 788 1409 809 1454; x_wconf 87' lang='lat' dir='ltr'>a</span> <span class='ocrx_word' id='word_1_74' title='bbox 835 1389 963 1454; x_wconf 87' lang='lat' dir='ltr'>Tacito</span> <span class='ocrx_word' id='word_1_75' title='bbox 986 1387 1210 1454; x_wconf 88' lang='lat' dir='ltr'>Plutarchus</span> <span class='ocrx_word' id='word_1_76' title='bbox 1237 1407 1305 1453; x_wconf 89' lang='lat' dir='ltr'>sua</span> 
     </span>
     <span class='ocr_line' id='line_1_11' title="bbox 122 1507 1304 1592; baseline -0.002 -18"><span class='ocrx_word' id='word_1_77' title='bbox 122 1508 272 1587; x_wconf 88' lang='lat' dir='ltr'>habeat,</span> <span class='ocrx_word' id='word_1_78' title='bbox 309 1508 411 1575; x_wconf 92' lang='lat' dir='ltr'>illum</span> <span class='ocrx_word' id='word_1_79' title='bbox 446 1508 505 1573; x_wconf 91' lang='lat' dir='ltr'>his</span> <span class='ocrx_word' id='word_1_80' title='bbox 541 1508 631 1574; x_wconf 86' lang='lat' dir='ltr'>locis</span> <span class='ocrx_word' id='word_1_81' title='bbox 682 1507 866 1574; x_wconf 82' lang='lat' dir='ltr'>efficiatur</span> <span class='ocrx_word' id='word_1_82' title='bbox 913 1528 989 1574; x_wconf 91' lang='lat' dir='ltr'>non</span> <span class='ocrx_word' id='word_1_83' title='bbox 1023 1512 1104 1573; x_wconf 92' lang='lat' dir='ltr'>acta</span> <span class='ocrx_word' id='word_1_84' title='bbox 1142 1511 1304 1592; x_wconf 90' lang='lat' dir='ltr'>patrum,</span> 
     </span>
     <span class='ocr_line' id='line_1_12' title="bbox 120 1628 926 1694; baseline -0.002 0"><span class='ocrx_word' id='word_1_85' title='bbox 120 1628 190 1694; x_wconf 89' lang='lat' dir='ltr'>sed</span> <span class='ocrx_word' id='word_1_86' title='bbox 217 1647 450 1694; x_wconf 91' lang='lat' dir='ltr'>communem</span> <span class='ocrx_word' id='word_1_87' title='bbox 480 1631 667 1694; x_wconf 82' lang='lat' dir='ltr'>auctorem</span> <span class='ocrx_word' id='word_1_88' title='bbox 697 1628 926 1694; x_wconf 89' lang='lat' dir='ltr'>adhibuisse.</span> 
     </span>
    </p>

    <p class='ocr_par' dir='ltr' id='par_1_5' title="bbox 120 1747 1352 2791">
     <span class='ocr_line' id='line_1_13' title="bbox 230 1747 1307 1831; baseline -0.001 -18"><span class='ocrx_word' id='word_1_89' title='bbox 230 1747 303 1814; x_wconf 84' lang='lat' dir='ltr'>Sed</span> <span class='ocrx_word' id='word_1_90' title='bbox 338 1747 431 1813; x_wconf 87' lang='lat' dir='ltr'>haec</span> <span class='ocrx_word' id='word_1_91' title='bbox 464 1747 586 1813; x_wconf 87' lang='lat' dir='ltr'>facilia</span> <span class='ocrx_word' id='word_1_92' title='bbox 616 1754 703 1812; x_wconf 88' lang='lat' dir='ltr'>sunt</span> <span class='ocrx_word' id='word_1_93' title='bbox 731 1747 778 1813; x_wconf 92' lang='lat' dir='ltr'>ad</span> <span class='ocrx_word' id='word_1_94' title='bbox 806 1747 1063 1827; x_wconf 76' lang='lat' dir='ltr'>refutandum3</span> <span class='ocrx_word' id='word_1_95' title='bbox 1094 1747 1166 1812; x_wconf 92' lang='lat' dir='ltr'>alia</span> <span class='ocrx_word' id='word_1_96' title='bbox 1195 1765 1307 1831; x_wconf 88' lang='lat' dir='ltr'>quae·</span> 
     </span>
     <span class='ocr_line' id='line_1_14' title="bbox 124 1866 1306 1951; baseline -0.002 -18"><span class='ocrx_word' id='word_1_97' title='bbox 124 1867 212 1933; x_wconf 90' lang='lat' dir='ltr'>dam</span> <span class='ocrx_word' id='word_1_98' title='bbox 240 1866 394 1933; x_wconf 89' lang='lat' dir='ltr'>uberius</span> <span class='ocrx_word' id='word_1_99' title='bbox 422 1867 537 1951; x_wconf 90' lang='lat' dir='ltr'>paulo</span> <span class='ocrx_word' id='word_1_100' title='bbox 566 1867 754 1933; x_wconf 79' lang='lat' dir='ltr'>anfusius</span> <span class='ocrx_word' id='word_1_101' title='bbox 784 1867 1006 1951; x_wconf 86' lang='lat' dir='ltr'>explicanda</span> <span class='ocrx_word' id='word_1_102' title='bbox 1026 1871 1124 1933; x_wconf 90' lang='lat' dir='ltr'>sunt.</span> <span class='ocrx_word' id='word_1_103' title='bbox 1163 1867 1306 1932; x_wconf 89' lang='lat' dir='ltr'>Plutar-</span> 
     </span>
     <span class='ocr_line' id='line_1_15' title="bbox 123 1986 1325 2065; baseline -0.002 -12"><span class='ocrx_word' id='word_1_104' title='bbox 123 1988 217 2053; x_wconf 89' lang='lat' dir='ltr'>chus</span> <span class='ocrx_word' id='word_1_105' title='bbox 252 1987 348 2053; x_wconf 89' lang='lat' dir='ltr'>enim</span> <span class='ocrx_word' id='word_1_106' title='bbox 378 1990 415 2053; x_wconf 87' lang='lat' dir='ltr'>ot</span> <span class='ocrx_word' id='word_1_107' title='bbox 442 1987 590 2054; x_wconf 85' lang='lat' dir='ltr'>Tacitus</span> <span class='ocrx_word' id='word_1_108' title='bbox 619 2007 700 2053; x_wconf 89' lang='lat' dir='ltr'>oum</span> <span class='ocrx_word' id='word_1_109' title='bbox 729 1988 879 2053; x_wconf 88' lang='lat' dir='ltr'>easdem</span> <span class='ocrx_word' id='word_1_110' title='bbox 909 2007 968 2053; x_wconf 91' lang='grc'>333</span> <span class='ocrx_word' id='word_1_111' title='bbox 997 1987 1224 2065; x_wconf 88' lang='lat' dir='ltr'>describunt,</span> <span class='ocrx_word' id='word_1_112' title='bbox 1246 1986 1325 2052; x_wconf 91' lang='lat' dir='ltr'>ille-</span> 
     </span>
     <span class='ocr_line' id='line_1_16' title="bbox 121 2106 1352 2198; baseline -0.002 -25"><span class='ocrx_word' id='word_1_113' title='bbox 121 2107 274 2191; x_wconf 86' lang='lat' dir='ltr'>saepius</span> <span class='ocrx_word' id='word_1_114' title='bbox 311 2107 427 2186; x_wconf 91' lang='lat' dir='ltr'>addit,</span> <span class='ocrx_word' id='word_1_115' title='bbox 464 2108 522 2173; x_wconf 89' lang='lat' dir='ltr'>cui</span> <span class='ocrx_word' id='word_1_116' title='bbox 557 2107 658 2191; x_wconf 91' lang='lat' dir='ltr'>quod</span> <span class='ocrx_word' id='word_1_117' title='bbox 692 2107 921 2192; x_wconf 82' lang='lat' dir='ltr'>respondeat</span> <span class='ocrx_word' id='word_1_118' title='bbox 949 2106 1049 2191; x_wconf 86' lang='lat' dir='ltr'>apud</span> <span class='ocrx_word' id='word_1_119' title='bbox 1091 2108 1191 2172; x_wconf 91' lang='lat' dir='ltr'>hunc</span> <span class='ocrx_word' id='word_1_120' title='bbox 1229 2125 1304 2172; x_wconf 92' lang='lat' dir='ltr'>non</span> <span class='ocrx_word' id='word_1_121' title='bbox 1349 2191 1352 2198; x_wconf 23' lang='grc' dir='ltr'>Ι</span> 
     </span>
     <span class='ocr_line' id='line_1_17' title="bbox 120 2225 1306 2312; baseline -0.001 -20"><span class='ocrx_word' id='word_1_122' title='bbox 120 2226 323 2292; x_wconf 87' lang='lat' dir='ltr'>invenitur.</span> <span class='ocrx_word' id='word_1_123' title='bbox 379 2227 513 2310; x_wconf 88' lang='lat' dir='ltr'>Itaque</span> <span class='ocrx_word' id='word_1_124' title='bbox 546 2229 611 2312; x_wconf 91' lang='lat' dir='ltr'>qui</span> <span class='ocrx_word' id='word_1_125' title='bbox 639 2246 870 2293; x_wconf 91' lang='lat' dir='ltr'>communem</span> <span class='ocrx_word' id='word_1_126' title='bbox 899 2227 1038 2294; x_wconf 79' lang='lat' dir='ltr'>fontem</span> <span class='ocrx_word' id='word_1_127' title='bbox 1068 2245 1216 2311; x_wconf 87' lang='lat' dir='ltr'>semper</span> <span class='ocrx_word' id='word_1_128' title='bbox 1245 2225 1306 2291; x_wconf 90' lang='lat' dir='ltr'>ad·</span> 
     </span>
     <span class='ocr_line' id='line_1_18' title="bbox 121 2346 1304 2432; baseline 0 -21"><span class='ocrx_word' id='word_1_129' title='bbox 121 2346 283 2412; x_wconf 90' lang='lat' dir='ltr'>hibitum</span> <span class='ocrx_word' id='word_1_130' title='bbox 312 2346 463 2425; x_wconf 88' lang='lat' dir='ltr'>ducunt,</span> <span class='ocrx_word' id='word_1_131' title='bbox 494 2366 538 2412; x_wconf 89' lang='lat' dir='ltr'>ea</span> <span class='ocrx_word' id='word_1_132' title='bbox 566 2347 787 2432; x_wconf 90' lang='lat' dir='ltr'>plerumque</span> <span class='ocrx_word' id='word_1_133' title='bbox 815 2352 972 2413; x_wconf 90' lang='lat' dir='ltr'>utuntur</span> <span class='ocrx_word' id='word_1_134' title='bbox 991 2347 1136 2412; x_wconf 90' lang='lat' dir='ltr'>ratione</span> <span class='ocrx_word' id='word_1_135' title='bbox 1157 2350 1194 2412; x_wconf 85' lang='lat' dir='ltr'>ct</span> <span class='ocrx_word' id='word_1_136' title='bbox 1214 2349 1304 2424; x_wconf 88' lang='lat' dir='ltr'>arte,</span> 
     </span>
     <span class='ocr_line' id='line_1_19' title="bbox 120 2465 1306 2552; baseline -0.002 -20"><span class='ocrx_word' id='word_1_137' title='bbox 120 2471 163 2532; x_wconf 92' lang='lat' dir='ltr'>ut</span> <span class='ocrx_word' id='word_1_138' title='bbox 203 2466 292 2531; x_wconf 92' lang='lat' dir='ltr'>talia</span> <span class='ocrx_word' id='word_1_139' title='bbox 335 2465 509 2550; x_wconf 90' lang='lat' dir='ltr'>deinceps</span> <span class='ocrx_word' id='word_1_140' title='bbox 556 2465 732 2552; x_wconf 88' lang='lat' dir='ltr'>colligant</span> <span class='ocrx_word' id='word_1_141' title='bbox 777 2466 897 2551; x_wconf 85' lang='lat' dir='ltr'>iisque</span> <span class='ocrx_word' id='word_1_142' title='bbox 944 2467 1083 2531; x_wconf 92' lang='lat' dir='ltr'>instent</span> <span class='ocrx_word' id='word_1_143' title='bbox 1115 2473 1306 2550; x_wconf 87' lang='lat' dir='ltr'>tamquam</span> 
     </span>
     <span class='ocr_line' id='line_1_20' title="bbox 121 2584 1306 2672; baseline -0.001 -21"><span class='ocrx_word' id='word_1_144' title='bbox 121 2585 358 2672; x_wconf 85' lang='lat' dir='ltr'>gravissimis</span> <span class='ocrx_word' id='word_1_145' title='bbox 385 2585 591 2651; x_wconf 93' lang='lat' dir='ltr'>communis</span> <span class='ocrx_word' id='word_1_146' title='bbox 619 2585 774 2670; x_wconf 87' lang='lat' dir='ltr'>originis</span> <span class='ocrx_word' id='word_1_147' title='bbox 799 2584 953 2650; x_wconf 90' lang='lat' dir='ltr'>indiciis.</span> <span class='ocrx_word' id='word_1_148' title='bbox 996 2585 1162 2660; x_wconf 80' lang='lat' dir='ltr'>Quarum</span> <span class='ocrx_word' id='word_1_149' title='bbox 1182 2604 1306 2650; x_wconf 88' lang='lat' dir='ltr'>rerum</span> 
     </span>
     <span class='ocr_line' id='line_1_21' title="bbox 123 2704 1304 2791; baseline -0.002 -20"><span class='ocrx_word' id='word_1_150' title='bbox 123 2705 199 2771; x_wconf 93' lang='lat' dir='ltr'>duo</span> <span class='ocrx_word' id='word_1_151' title='bbox 228 2704 476 2771; x_wconf 88' lang='lat' dir='ltr'>discernenda</span> <span class='ocrx_word' id='word_1_152' title='bbox 504 2712 591 2770; x_wconf 89' lang='lat' dir='ltr'>sunt</span> <span class='ocrx_word' id='word_1_153' title='bbox 619 2723 757 2791; x_wconf 84' lang='lat' dir='ltr'>genera</span> <span class='ocrx_word' id='word_1_154' title='bbox 788 2723 830 2769; x_wconf 93' lang='grc'>30</span> <span class='ocrx_word' id='word_1_155' title='bbox 865 2705 1067 2788; x_wconf 90' lang='lat' dir='ltr'>separatim</span> <span class='ocrx_word' id='word_1_156' title='bbox 1097 2704 1304 2770; x_wconf 89' lang='lat' dir='ltr'>tractanda.</span> 
     </span>
    </p>

    <p class='ocr_par' dir='ltr' id='par_1_6' title="bbox 123 2822 1307 3148">
     <span class='ocr_line' id='line_1_22' title="bbox 227 2822 1306 2910; baseline -0.001 -21"><span class='ocrx_word' id='word_1_157' title='bbox 227 2823 395 2890; x_wconf 86' lang='lat' dir='ltr'>Alterum</span> <span class='ocrx_word' id='word_1_158' title='bbox 439 2843 558 2910; x_wconf 82' lang='lat' dir='ltr'>genus</span> <span class='ocrx_word' id='word_1_159' title='bbox 595 2827 741 2889; x_wconf 87' lang='lat' dir='ltr'>constat</span> <span class='ocrx_word' id='word_1_160' title='bbox 778 2843 825 2888; x_wconf 85' lang='lat' dir='ltr'>ex</span> <span class='ocrx_word' id='word_1_161' title='bbox 858 2823 902 2888; x_wconf 93' lang='lat' dir='ltr'>iis</span> <span class='ocrx_word' id='word_1_162' title='bbox 930 2822 1057 2901; x_wconf 89' lang='lat' dir='ltr'>rebus,</span> <span class='ocrx_word' id='word_1_163' title='bbox 1089 2841 1187 2906; x_wconf 89' lang='lat' dir='ltr'>quae</span> <span class='ocrx_word' id='word_1_164' title='bbox 1215 2822 1306 2888; x_wconf 93' lang='lat' dir='ltr'>nihil</span> 
     </span>
     <span class='ocr_line' id='line_1_23' title="bbox 123 2943 1306 3029; baseline -0.001 -21"><span class='ocrx_word' id='word_1_165' title='bbox 123 2943 279 3029; x_wconf 91' lang='lat' dir='ltr'>impedit</span> <span class='ocrx_word' id='word_1_166' title='bbox 308 2944 398 3028; x_wconf 92' lang='lat' dir='ltr'>quin</span> <span class='ocrx_word' id='word_1_167' title='bbox 428 2964 449 3010; x_wconf 94' lang='lat' dir='ltr'>a</span> <span class='ocrx_word' id='word_1_168' title='bbox 476 2945 677 3010; x_wconf 89' lang='lat' dir='ltr'>Plutarcho</span> <span class='ocrx_word' id='word_1_169' title='bbox 706 2943 752 3009; x_wconf 91' lang='lat' dir='ltr'>de</span> <span class='ocrx_word' id='word_1_170' title='bbox 776 2963 845 3010; x_wconf 91' lang='lat' dir='ltr'>suo</span> <span class='ocrx_word' id='word_1_171' title='bbox 871 2943 1021 3009; x_wconf 86' lang='lat' dir='ltr'>additae</span> <span class='ocrx_word' id='word_1_172' title='bbox 1048 2962 1130 3008; x_wconf 90' lang='grc'><strong>3333</strong></span> <span class='ocrx_word' id='word_1_173' title='bbox 1154 2943 1306 3008; x_wconf 90' lang='lat' dir='ltr'>videan-</span> 
     </span>
     <span class='ocr_line' id='line_1_24' title="bbox 124 3063 1307 3148; baseline 0 -20"><span class='ocrx_word' id='word_1_174' title='bbox 124 3067 195 3128; x_wconf 92' lang='lat' dir='ltr'>tur.</span> <span class='ocrx_word' id='word_1_175' title='bbox 240 3063 516 3130; x_wconf 85' lang='lat' dir='ltr'>Exornatorem</span> <span class='ocrx_word' id='word_1_176' title='bbox 545 3065 642 3129; x_wconf 88' lang='lat' dir='ltr'>enim</span> <span class='ocrx_word' id='word_1_177' title='bbox 663 3083 786 3129; x_wconf 88' lang='lat' dir='ltr'>rerum</span> <span class='ocrx_word' id='word_1_178' title='bbox 812 3082 887 3129; x_wconf 91' lang='lat' dir='ltr'>non</span> <span class='ocrx_word' id='word_1_179' title='bbox 907 3063 1029 3129; x_wconf 90' lang='lat' dir='ltr'>minus</span> <span class='ocrx_word' id='word_1_180' title='bbox 1049 3082 1163 3148; x_wconf 91' lang='lat' dir='ltr'>quam</span> <span class='ocrx_word' id='word_1_181' title='bbox 1181 3082 1307 3128; x_wconf 87' lang='lat' dir='ltr'>narra·</span> 
     </span>
    </p>
   </div>
   <div class='ocr_carea' id='block_1_4' title="bbox 123 3329 1308 4333">
    <p class='ocr_par' dir='ltr' id='par_1_7' title="bbox 123 3329 1308 4124">
     <span class='ocr_line' id='line_1_25' title="bbox 228 3329 1306 3407; baseline -0.003 -15"><span class='ocrx_word' id='word_1_182' title='bbox 228 3333 250 3407; x_wconf 83' lang='lat'>¹)</span> <span class='ocrx_word' id='word_1_183' title='bbox 274 3334 332 3392; x_wconf 82' lang='lat' dir='ltr'>Cir.</span> <span class='ocrx_word' id='word_1_184' title='bbox 365 3334 462 3407; x_wconf 83' lang='lat' dir='ltr'>Peter,</span> <span class='ocrx_word' id='word_1_185' title='bbox 494 3335 547 3392; x_wconf 88' lang='grc'><strong>1113</strong></span> <span class='ocrx_word' id='word_1_186' title='bbox 579 3332 703 3405; x_wconf 68' lang='grc'><strong>(1331133</strong></span> <span class='ocrx_word' id='word_1_187' title='bbox 730 3333 897 3405; x_wconf 74' lang='lat' dir='ltr'>Plutarcho,</span> <span class='ocrx_word' id='word_1_188' title='bbox 922 3332 1097 3390; x_wconf 79' lang='lat' dir='ltr'>Coriolanus</span> <span class='ocrx_word' id='word_1_189' title='bbox 1121 3350 1149 3406; x_wconf 88' lang='lat' dir='ltr'>p.</span> <span class='ocrx_word' id='word_1_190' title='bbox 1175 3332 1227 3390; x_wconf 82' lang='lat'>10:</span> <span class='ocrx_word' id='word_1_191' title='bbox 1252 3329 1306 3389; x_wconf 81' lang='grc'><strong>»113</strong></span> 
     </span>
     <span class='ocr_line' id='line_1_26' title="bbox 123 3433 1308 3510; baseline 0 -18"><span class='ocrx_word' id='word_1_192' title='bbox 123 3437 203 3510; x_wconf 86' lang='lat' dir='ltr'>iragt</span> <span class='ocrx_word' id='word_1_193' title='bbox 225 3436 288 3494; x_wconf 87' lang='lat' dir='ltr'>sich</span> <span class='ocrx_word' id='word_1_194' title='bbox 312 3454 376 3493; x_wconf 87' lang='lat' dir='ltr'>nun</span> <span class='ocrx_word' id='word_1_195' title='bbox 398 3437 481 3494; x_wconf 90' lang='lat' dir='ltr'>aber:</span> <span class='ocrx_word' id='word_1_196' title='bbox 506 3435 636 3493; x_wconf 83' lang='lat' dir='ltr'>welches</span> <span class='ocrx_word' id='word_1_197' title='bbox 658 3436 699 3493; x_wconf 87' lang='lat' dir='ltr'>ist</span> <span class='ocrx_word' id='word_1_198' title='bbox 721 3435 768 3492; x_wconf 89' lang='lat' dir='ltr'>die</span> <span class='ocrx_word' id='word_1_199' title='bbox 790 3437 845 3492; x_wconf 86' lang='lat' dir='ltr'>Art</span> <span class='ocrx_word' id='word_1_200' title='bbox 867 3435 920 3491; x_wconf 87' lang='lat' dir='ltr'>der</span> <span class='ocrx_word' id='word_1_201' title='bbox 943 3435 1141 3508; x_wconf 82' lang='lat' dir='ltr'>Benutzung?</span> <span class='ocrx_word' id='word_1_202' title='bbox 1169 3433 1308 3492; x_wconf 86' lang='lat' dir='ltr'>Dieselbe</span> 
     </span>
     <span class='ocr_line' id='line_1_27' title="bbox 123 3518 1308 3610; baseline -0.003 -14"><span class='ocrx_word' id='word_1_203' title='bbox 123 3538 165 3596; x_wconf 89' lang='lat' dir='ltr'>ist</span> <span class='ocrx_word' id='word_1_204' title='bbox 186 3537 253 3596; x_wconf 87' lang='lat' dir='ltr'>eine</span> <span class='ocrx_word' id='word_1_205' title='bbox 275 3538 315 3595; x_wconf 89' lang='lat' dir='ltr'>im</span> <span class='ocrx_word' id='word_1_206' title='bbox 341 3536 461 3595; x_wconf 85' lang='lat' dir='ltr'>Ganzen</span> <span class='ocrx_word' id='word_1_207' title='bbox 486 3538 555 3595; x_wconf 85' lang='lat' dir='ltr'>sehr</span> <span class='ocrx_word' id='word_1_208' title='bbox 576 3537 649 3594; x_wconf 88' lang='grc'><strong>13313</strong></span> <span class='ocrx_word' id='word_1_209' title='bbox 672 3537 734 3593; x_wconf 90' lang='lat' dir='ltr'>und</span> <span class='ocrx_word' id='word_1_210' title='bbox 758 3518 969 3609; x_wconf 42' lang='lat' dir='ltr'>verstandige&#39;.</span> <span class='ocrx_word' id='word_1_211' title='bbox 988 3580 1016 3593; x_wconf 88' lang='lat'>..</span> <span class='ocrx_word' id='word_1_212' title='bbox 1051 3536 1104 3593; x_wconf 87' lang='grc'><strong>1113</strong></span> <span class='ocrx_word' id='word_1_213' title='bbox 1121 3536 1308 3610; x_wconf 82' lang='lat' dir='ltr'>Anordnung</span> 
     </span>
     <span class='ocr_line' id='line_1_28' title="bbox 124 3638 1308 3714; baseline -0.003 -16"><span class='ocrx_word' id='word_1_214' title='bbox 124 3641 178 3698; x_wconf 88' lang='lat' dir='ltr'>des</span> <span class='ocrx_word' id='word_1_215' title='bbox 203 3639 310 3699; x_wconf 82' lang='lat' dir='ltr'>Stoffas</span> <span class='ocrx_word' id='word_1_216' title='bbox 334 3645 449 3698; x_wconf 84' lang='lat' dir='ltr'>musste</span> <span class='ocrx_word' id='word_1_217' title='bbox 473 3639 621 3698; x_wconf 83' lang='lat' dir='ltr'>natiirlich</span> <span class='ocrx_word' id='word_1_218' title='bbox 644 3640 673 3696; x_wconf 92' lang='lat' dir='ltr'>in</span> <span class='ocrx_word' id='word_1_219' title='bbox 696 3640 754 3697; x_wconf 85' lang='lat' dir='ltr'>den</span> <span class='ocrx_word' id='word_1_220' title='bbox 773 3639 972 3714; x_wconf 79' lang='lat' dir='ltr'>Hauptziigen</span> <span class='ocrx_word' id='word_1_221' title='bbox 994 3638 1123 3696; x_wconf 79' lang='lat' dir='ltr'>dissolbe</span> <span class='ocrx_word' id='word_1_222' title='bbox 1141 3639 1213 3701; x_wconf 81' lang='grc'><strong>3313,</strong></span> <span class='ocrx_word' id='word_1_223' title='bbox 1232 3638 1308 3696; x_wconf 90' lang='lat' dir='ltr'>doch</span> 
     </span>
     <span class='ocr_line' id='line_1_29' title="bbox 123 3740 1307 3814; baseline -0.001 -15"><span class='ocrx_word' id='word_1_224' title='bbox 123 3743 225 3801; x_wconf 88' lang='lat' dir='ltr'>finden</span> <span class='ocrx_word' id='word_1_225' title='bbox 257 3742 320 3802; x_wconf 90' lang='lat' dir='ltr'>sich</span> <span class='ocrx_word' id='word_1_226' title='bbox 350 3743 411 3799; x_wconf 85' lang='lat' dir='ltr'>hin</span> <span class='ocrx_word' id='word_1_227' title='bbox 441 3743 510 3800; x_wconf 90' lang='lat' dir='ltr'>und</span> <span class='ocrx_word' id='word_1_228' title='bbox 540 3741 670 3799; x_wconf 87' lang='lat' dir='ltr'>wieder</span> <span class='ocrx_word' id='word_1_229' title='bbox 697 3741 948 3799; x_wconf 83' lang='lat' dir='ltr'>Elinzelheiten</span> <span class='ocrx_word' id='word_1_230' title='bbox 973 3741 1025 3798; x_wconf 86' lang='lat' dir='ltr'>bei</span> <span class='ocrx_word' id='word_1_231' title='bbox 1050 3740 1228 3814; x_wconf 78' lang='lat' dir='ltr'>Plutarch,</span> <span class='ocrx_word' id='word_1_232' title='bbox 1252 3740 1307 3798; x_wconf 87' lang='lat' dir='ltr'>die</span> 
     </span>
     <span class='ocr_line' id='line_1_30' title="bbox 126 3842 1307 3919; baseline -0.003 -17"><span class='ocrx_word' id='word_1_233' title='bbox 126 3862 203 3902; x_wconf 89' lang='lat' dir='ltr'>man</span> <span class='ocrx_word' id='word_1_234' title='bbox 227 3863 269 3902; x_wconf 88' lang='grc'>33</span> <span class='ocrx_word' id='word_1_235' title='bbox 293 3846 355 3903; x_wconf 89' lang='lat' dir='ltr'>der</span> <span class='ocrx_word' id='word_1_236' title='bbox 377 3844 694 3919; x_wconf 85' lang='lat' dir='ltr'>entsprechenden</span> <span class='ocrx_word' id='word_1_237' title='bbox 717 3842 833 3901; x_wconf 80' lang='lat' dir='ltr'>Stella</span> <span class='ocrx_word' id='word_1_238' title='bbox 856 3843 917 3900; x_wconf 87' lang='lat' dir='ltr'>des</span> <span class='ocrx_word' id='word_1_239' title='bbox 941 3843 1082 3916; x_wconf 81' lang='lat' dir='ltr'>Dionys</span> <span class='ocrx_word' id='word_1_240' title='bbox 1107 3843 1307 3917; x_wconf 82' lang='lat' dir='ltr'>vergebens</span> 
     </span>
     <span class='ocr_line' id='line_1_31' title="bbox 124 3943 1306 4021; baseline -0.004 -15"><span class='ocrx_word' id='word_1_241' title='bbox 124 3947 239 4021; x_wconf 83' lang='lat' dir='ltr'>sucht,</span> <span class='ocrx_word' id='word_1_242' title='bbox 262 3948 334 4006; x_wconf 90' lang='lat' dir='ltr'>und</span> <span class='ocrx_word' id='word_1_243' title='bbox 368 3948 423 4005; x_wconf 90' lang='lat' dir='ltr'>die</span> <span class='ocrx_word' id='word_1_244' title='bbox 451 3965 488 4005; x_wconf 90' lang='grc'>33</span> <span class='ocrx_word' id='word_1_245' title='bbox 515 3965 578 4004; x_wconf 85' lang='grc'>333</span> <span class='ocrx_word' id='word_1_246' title='bbox 609 3948 706 4005; x_wconf 88' lang='grc'><strong>31333</strong></span> <span class='ocrx_word' id='word_1_247' title='bbox 728 3952 896 4021; x_wconf 70' lang='grc'><strong>33313333</strong></span> <span class='ocrx_word' id='word_1_248' title='bbox 918 3946 1150 4020; x_wconf 78' lang='lat' dir='ltr'>Elrwtthnung</span> <span class='ocrx_word' id='word_1_249' title='bbox 1172 3943 1306 4003; x_wconf 89' lang='lat' dir='ltr'>dersel-</span> 
     </span>
     <span class='ocr_line' id='line_1_32' title="bbox 125 4046 1197 4124; baseline -0.004 -17"><span class='ocrx_word' id='word_1_250' title='bbox 125 4051 190 4107; x_wconf 84' lang='lat' dir='ltr'>ben</span> <span class='ocrx_word' id='word_1_251' title='bbox 215 4049 326 4109; x_wconf 86' lang='lat' dir='ltr'>Sache</span> <span class='ocrx_word' id='word_1_252' title='bbox 355 4049 644 4124; x_wconf 84' lang='lat' dir='ltr'>hcrausgelesen</span> <span class='ocrx_word' id='word_1_253' title='bbox 668 4049 751 4107; x_wconf 83' lang='lat' dir='ltr'>hat».</span> <span class='ocrx_word' id='word_1_254' title='bbox 796 4048 1027 4121; x_wconf 84' lang='lat' dir='ltr'>Subiunguntur</span> <span class='ocrx_word' id='word_1_255' title='bbox 1049 4046 1197 4122; x_wconf 85' lang='lat' dir='ltr'>exempla.</span> 
     </span>
    </p>

    <p class='ocr_par' dir='ltr' id='par_1_8' title="bbox 228 4150 482 4230">
     <span class='ocr_line' id='line_1_33' title="bbox 228 4150 482 4230; baseline -0.004 -20"><span class='ocrx_word' id='word_1_256' title='bbox 228 4150 252 4230; x_wconf 76' lang='lat'>2)</span> <span class='ocrx_word' id='word_1_257' title='bbox 276 4153 308 4210; x_wconf 94' lang='lat' dir='ltr'>P.</span> <span class='ocrx_word' id='word_1_258' title='bbox 333 4154 391 4212; x_wconf 83' lang='grc'>711</span> <span class='ocrx_word' id='word_1_259' title='bbox 418 4170 482 4228; x_wconf 86' lang='lat' dir='ltr'>sqq.</span> 
     </span>
    </p>

    <p class='ocr_par' dir='ltr' id='par_1_9' title="bbox 229 4253 1139 4333">
     <span class='ocr_line' id='line_1_34' title="bbox 229 4253 1139 4333; baseline -0.005 -18"><span class='ocrx_word' id='word_1_260' title='bbox 229 4254 252 4333; x_wconf 82' lang='lat'>³)</span> <span class='ocrx_word' id='word_1_261' title='bbox 275 4257 308 4314; x_wconf 91' lang='lat' dir='ltr'>P.</span> <span class='ocrx_word' id='word_1_262' title='bbox 333 4258 394 4315; x_wconf 82' lang='grc'>714</span> <span class='ocrx_word' id='word_1_263' title='bbox 418 4273 461 4331; x_wconf 87' lang='lat' dir='ltr'>sq.</span> <span class='ocrx_word' id='word_1_264' title='bbox 484 4262 515 4313; x_wconf 89' lang='lat' dir='ltr'>et</span> <span class='ocrx_word' id='word_1_265' title='bbox 539 4256 608 4314; x_wconf 81' lang='lat'><strong>737.</strong></span> <span class='ocrx_word' id='word_1_266' title='bbox 631 4288 671 4296; x_wconf 86' lang='lat'><strong>—</strong></span> <span class='ocrx_word' id='word_1_267' title='bbox 695 4255 739 4312; x_wconf 88' lang='lat' dir='ltr'>De</span> <span class='ocrx_word' id='word_1_268' title='bbox 762 4253 795 4313; x_wconf 90' lang='grc' dir='ltr'>Ο.</span> <span class='ocrx_word' id='word_1_269' title='bbox 822 4257 837 4313; x_wconf 95' lang='grc'>1</span> <span class='ocrx_word' id='word_1_270' title='bbox 862 4255 1013 4314; x_wconf 83' lang='grc'><strong>01313133</strong></span> <span class='ocrx_word' id='word_1_271' title='bbox 1038 4273 1066 4329; x_wconf 91' lang='lat' dir='ltr'>p.</span> <span class='ocrx_word' id='word_1_272' title='bbox 1091 4255 1139 4312; x_wconf 86' lang='grc'>64.</span> 
     </span>
    </p>
   </div>
   <div class='ocr_carea' id='block_1_5' title="bbox 0 0 1495 4800">
    <p class='ocr_par' dir='ltr' id='par_1_10' title="bbox 0 0 1495 4800">
     <span class='ocr_line' id='line_1_35' title="bbox 0 0 1495 4800; baseline 0 0"><span class='ocrx_word' id='word_1_273' title='bbox 0 0 1495 4800; x_wconf 95' lang='lat' dir='ltr'> </span> 
     </span>
    </p>
   </div>
  </div>
 </body>
</html>
