2978 4800
234 262 294 320 148

187 449 328 516 euveum
358 444 499 524 ἐπέμπετο
528 439 753 526 γραμματαῖτῴ
805 443 901 501 misse
939 442 1044 502 Galbae
1077 445 1110 501 A.
1141 441 1276 500 Vitellius
1312 441 1382 499 ode·

188 552 219 610 Γ
217 541 297 630 άλβᾳ
317 541 400 628 παρὰ
422 545 481 608 τῶν
503 541 675 627 ἐπιτρόπων·
804 552 851 604 ret
860 544 893 623 ¹).

848 649 908 709 Clr.
930 648 946 705 Ι
969 649 1103 706 51-54.

291 875 517 942 Plutarchus
546 879 582 941 et
615 875 821 960 superioris
849 880 885 941 et
912 873 1100 940 inferioris
1143 872 1383 939 Germaniae

189 997 374 1062 exercitus
402 1000 572 1062 vertente
601 1014 700 1061 anno
729 994 778 1061 68
805 993 1026 1060 insolentius
1046 1012 1086 1059 se
1106 992 1270 1058 iactasse
1291 993 1383 1057 scri·

188 1115 254 1194 bit,
292 1115 459 1181 nondum
492 1118 617 1180 tamen
648 1117 777 1198 aperte
806 1112 1024 1192 descivisse3
1054 1111 1176 1196 daque
1205 1129 1254 1177 ea
1284 1131 1327 1176 re
1361 1131 1383 1177 a

187 1234 494 1320 procuratoribus
523 1233 673 1300 crebras
703 1233 750 1300 ad
780 1232 938 1300 Galbam
967 1218 1307 1298 venisse'litteras.

293 1353 471 1421 Similiter
499 1353 648 1419 Tacitus
677 1352 814 1419 multos
838 1352 911 1418 iam
932 1355 1008 1417 tum
1028 1351 1066 1417 in
1085 1354 1250 1434 utroque
1272 1369 1384 1417 exer-

187 1474 262 1540 citu
290 1473 404 1540 rebus
432 1456 542 1539 'novis
570 1473 759 1539 studuisse
796 1471 995 1558 significat.
1051 1469 1107 1536 De
1135 1469 1284 1535 nuntiis
1316 1489 1384 1535 au-

188 1599 261 1659 tem
290 1593 361 1660 sub
388 1594 491 1658 exitu
519 1593 608 1659 anni
636 1592 685 1659 68
714 1592 871 1658 Romam
899 1590 1053 1676 perlatis
1073 1593 1180 1667 tacet,
1201 1592 1248 1654 ut
1268 1591 1338 1674 qui
1362 1610 1384 1656 a

70 1699 71 1703 ¹
187 1712 360 1779 kalendis
390 1712 577 1778 Ianuariis
607 1712 695 1778 anni
723 1711 772 1778 69
800 1710 945 1776 initium
974 1714 1097 1776 sumat
1123 1708 1325 1775 historiae.

291 1831 412 1918 Vulgo
460 1833 561 1916 quod
610 1851 691 1897 cum
738 1831 777 1896 P.
826 1830 869 1897 G.
926 1829 983 1908 19,
1029 1840 1109 1897 1-3
1148 1837 1384 1913 comparant

188 1951 269 2017 Tac.
302 1952 319 2017 I
360 1951 405 2017 12
442 1952 583 2038 poecis
620 1955 708 2037 post
750 1951 938 2017 delendus
975 1948 1192 2015 leueeries
1236 1948 1383 2014 diebus

187 2071 343 2157 Pompei
388 2071 605 2157 Propinqui
644 2071 908 2157 procuratoris
949 2089 973 2135 e
1014 2067 1171 2154 Belpice
1219 2067 1383 2135 litterae

187 2189 427 2268 adferuntur,
465 2190 674 2277 superioris
707 2189 938 2258 Germerriee
970 2189 1135 2271 tepiorres
1166 2191 1288 2272 rupte
1318 2207 1381 2254 sa·

187 2310 374 2376 crementi
415 2308 622 2376 reverentie
664 2311 933 2396 imperatorem
969 2308 1094 2374 etium
1123 2305 1315 2392 flepitare
1346 2312 1381 2374 et

186 2430 339 2496 serretei
380 2449 425 2496 ec
458 2428 602 2521 pupulo
643 2430 816 2497 Romerro
854 2428 1060 2495 arbitrium
1093 2425 1266 2512 elipandi
1286 2447 1379 2512 per-

186 2550 343 2628 mittere,
387 2569 461 2636 qeo
502 2550 640 2616 seditio
681 2550 838 2616 mollius
880 2549 1114 2634 acciperetur
1127 2538 1166 2633 2),
1209 2545 1377 2635 multum

184 2669 377 2737 falluntur.
433 2669 525 2736 Nam
571 2688 638 2754 per
683 2671 752 2735 has
793 2668 937 2735 litteras
982 2666 1054 2733 nisi
1095 2666 1142 2732 de
1183 2665 1379 2732 seditione

185 2790 358 2856 kalendis
406 2789 593 2856 Ianuariis
642 2789 740 2855 iacta
786 2806 860 2854 non
912 2792 968 2853 est
987 2770 1215 2864 nuntiatum3
1265 2786 1377 2870 quod

185 2909 408 2975 Plutarchus
429 2908 470 2976 G.
493 2909 541 2974 22
563 2909 711 2975 demum
736 2912 1001 2974 commemorat
1015 2897 1054 2990 3).
1098 2905 1250 2971 Interea
1269 2923 1376 2990 quae

186 3036 353 3095 extremo
389 3047 487 3095 anno
521 3028 570 3095 68
598 3027 695 3094 fiunt
723 3026 899 3094 describit
912 3019 957 3111 4).
1003 3024 1185 3092 Consules
1213 3021 1375 3108 quidem

184 3243 389 3251 *-

288 3399 311 3475 1)
347 3399 419 3457 Miro
453 3416 551 3456 errore
585 3396 841 3457 Orellius·Meiser
868 3399 924 3456 hoc
945 3397 988 3456 ita
1009 3398 1253 3474 interpretantur,
1278 3403 1316 3456 ut
1341 3401 1375 3457 A.

184 3502 338 3562 Vitellium
363 3501 548 3560 consularem
572 3501 667 3559 luisse
690 3509 808 3575 negent.
853 3500 911 3560 Gir.
935 3499 1003 3558 Tac.
1026 3501 1102 3558 Anu.
1124 3497 1168 3557 XI
1191 3498 1241 3557 23.

287 3621 311 3696 2)
335 3621 385 3679 Sic
407 3621 517 3678 Lezius
540 3639 568 3695 p.
594 3622 645 3694 173
671 3620 757 3679 Fabia
781 3639 809 3696 p.
834 3621 873 3680 10
897 3638 955 3696 sq.;
980 3618 1080 3694 Groag
1102 3637 1130 3695 p.
1156 3619 1229 3677 739.
1272 3632 1276 3638 ’

286 3740 311 3816 ³)
332 3733 532 3821 Ὑβριζόνπων
554 3737 589 3797 G.
616 3741 654 3797 19
676 3741 713 3797 ad
736 3740 846 3798 indicia
867 3739 1053 3814 erumpentis
1076 3737 1231 3797 seditionis
1249 3746 1375 3814 spectat

182 3844 253 3914 ples
277 3843 420 3918 premiere
445 3847 629 3916 symptdmes
652 3842 689 3900 de
713 3842 838 3900 revolte»
860 3841 948 3899 Fabia
971 3860 999 3917 p.
1016 3840 1080 3915 11);
1100 3838 1258 3920 inpertire
1275 3839 1315 3902 G.
1334 3845 1375 3902 22

183 3946 220 4003 ad
243 3951 376 4020 apertam
399 3944 604 4001 delectionem.

286 4064 311 4139 ⁴)
346 4063 462 4120 Fabiam
487 4080 514 4137 p.
542 4063 589 4134 15,
612 4080 680 4120 cum
706 4061 741 4121 G.
767 4064 813 4130 19,
838 4064 934 4121 6--21
965 4068 1040 4121 extr.
1064 4063 1182 4138 longam
1205 4063 1376 4139 digressio·

183 4184 248 4224 nem
280 4171 374 4231 vocat,
398 4165 475 4238 fugit
496 4165 555 4221 iam
579 4163 613 4222 G.
640 4166 689 4239 21,
713 4179 724 4222 1
748 4165 784 4222 ad
808 4183 905 4224 rerum
930 4165 1063 4224 ordinem
1087 4164 1183 4224 rediri.
1229 4165 1377 4228 Declarat

180 4262 260 4330 oillei
283 4268 432 4342 (Latinum
457 4266 541 4341 sed),
564 4267 644 4341 quod
668 4268 785 4342 proprie
809 4267 931 4342 ponitur
952 4269 983 4326 in
999 4267 1097 4327 reditu
1112 4267 1150 4325 ad
1165 4271 1377 4345 propositum.
