2978 4800
193 254 231 311 94

149 462 264 528 supra
300 443 394 509 dixit
428 442 545 507 donec
581 440 751 506 insidiae
783 445 1030 508 coorerentur.
1083 433 1327 536 Σανταρὰξας

149 562 502 649 eprcecipitcntur
529 564 747 647 generatum
776 560 936 626 videtur.
992 561 1111 628 Porro
1139 554 1257 630 ἐκάλει
1286 601 1323 607 —-

149 680 404 772 στρατοπέδου
440 700 566 767 nugae
594 684 696 760 sunt;
730 679 796 746 sed
823 679 930 746 facile
958 700 1003 746 ea
1031 680 1181 748 efficere
1211 682 1328 766 potuit

149 802 308 886 scriptor
348 802 558 869 incuriosus
600 819 619 866 e
663 801 817 886 ον’ρντααο
854 837 894 847 -
927 800 1074 879 dotum,
1117 820 1219 885 quac
1261 801 1327 867 illis

148 921 273 988 subito
306 960 346 968 —
379 941 489 1008 eques
530 921 795 987 continuantur
807 914 843 1005 ¹).
900 921 1031 1006 Neque
1058 920 1199 987 desunt
1227 922 1267 987 in
1294 941 1326 988 v.

151 1042 300 1108 16—25
347 1041 632 1109 necessitudinis
677 1040 831 1120 indicia3
875 1037 1053 1110 δοκοῦσιν
1093 1044 1149 1107 est
1185 1060 1329 1127 percre-

150 1153 350 1246 bruerech
393 1151 440 1229 ἂν
483 1213 490 1226 .
522 1212 528 1227 .
561 1212 567 1226 .
612 1158 687 1229 παν
728 1151 768 1229 τὸ
809 1152 900 1249 μετὰ
940 1159 1075 1229 Κεκίνα
1117 1151 1329 1255 στράτευμα

149 1288 355 1375 συντρῖψαι
388 1280 448 1348 καὶ
476 1273 613 1349 ἀνελεῖν
641 1285 677 1347 et
704 1280 824 1347 deleri
850 1299 934 1346 cnm
962 1281 1140 1349 ανττοονοο
1169 1281 1330 1348 excercitu

154 1399 358 1467 Caecinam
391 1401 561 1492 potuisse
601 1401 749 1487 gemina
790 1406 888 1468 sunt.
954 1401 1064 1478 Quod
1106 1400 1331 1468 Plutarchus

149 1520 347 1586 Paulinum
388 1540 472 1587 sero
513 1521 735 1587 subvenisse
777 1521 873 1599 dicit,
914 1521 1062 1587 Tacitus
1103 1525 1142 1587 et
1184 1521 1261 1588 hoc
1299 1527 1332 1588 et

151 1644 236 1706 ante
278 1644 423 1725 tempus
464 1642 629 1725 receptui
661 1641 847 1720 cecinisse,
874 1640 1015 1707 nullum
1044 1640 1082 1706 id
1111 1640 1208 1706 mihi
1238 1661 1331 1708 scru-

149 1759 278 1844 pulum
319 1761 431 1827 inicit.
492 1757 540 1830 Oi
581 1760 619 1830 δὲ
660 1760 790 1830 πολλοὶ
820 1800 861 1807 -
899 1756 1115 1855 στρατηγῶν
1158 1765 1332 1828 contexta

151 1884 238 1946 sunt
266 1899 312 1946 ex
340 1881 378 1947 ΙΙ
407 1881 457 1947 26
470 1873 497 1968 3)
526 1885 562 1947 et
589 1881 627 1947 ΙΙ
656 1881 717 1959 23,
747 1881 805 1946 cui
837 1879 1067 1965 respondent
1095 1898 1141 1946 ea
1171 1900 1331 1968 quoquo,

150 2019 248 2084 quae
277 2000 378 2085 apud
406 2001 645 2068 Plutarchum
674 2001 731 2067 his
760 2001 970 2067 succedunt.

254 2120 295 2186 V.
327 2120 480 2187 25-26
521 2140 602 2187 cum
644 2121 771 2187 Tacito
807 2124 1036 2207 congruunt;
1074 2138 1163 2185 nam
1209 2113 1323 2201 αὐτοῖς

151 2241 371 2325 pronomine
407 2240 629 2306 Plutarchus
664 2241 776 2307 duces
805 2240 1001 2328 significat,
1028 2258 1197 2324 quorum
1230 2237 1316 2308 modo

151 2359 236 2426 iecit
263 2360 488 2427 mentionem
515 2356 604 2445 (τῶν
632 2356 861 2457 στρατηγῶν)
888 2359 913 2445 ).

255 2479 419 2546 26—27.
476 2479 578 2546 Haec
613 2480 652 2546 in
689 2481 819 2547 eodem
848 2480 1029 2547 sermonis
1059 2497 1161 2544 nexu
1193 2479 1330 2565 poniu

151 2600 352 2667 Plutarcho
393 2605 506 2685 atque
543 2620 564 2666 a
602 2600 727 2667 Tacito
768 2599 975 2667 notandum
1009 2605 1075 2666 est.
1131 2599 1194 2666 Ea
1240 2599 1332 2667 enim

152 2721 341 2788 Plutarchi
368 2721 546 2800 narratio,
576 2721 634 2787 cui
662 2721 754 2787 haec
773 2720 1064 2804 subiunguntur,
1085 2738 1212 2804 usque
1233 2739 1255 2787 a
1277 2716 1334 2788 καὶ

150 2832 368 2930 παρώξυνον
408 2841 519 2924 capiti
560 2841 674 2907 Taciti
707 2840 744 2906 ΙΙ
772 2841 821 2907 23
850 2840 1063 2925 respondet.
1121 2837 1198 2906 Sed
1243 2840 1335 2907 haec

254 3193 275 3266 ¹)
299 3194 347 3254 Sic
369 3203 471 3254 contra
493 3195 653 3271 Groaglum
676 3215 704 3272 p.
728 3196 788 3256 752
812 3214 858 3272 sq.
880 3196 1104 3254 demonstrasse
1138 3195 1240 3255 videor
1265 3196 1333 3256 Plu·

149 3297 284 3356 tarchum
307 3298 392 3357 facile
414 3316 452 3357 ex
476 3299 615 3358 Historiis
639 3299 714 3358 male
736 3298 940 3375 interpretatis
963 3316 1018 3356 sua
1040 3298 1168 3357 conllare
1184 3299 1333 3374 potuisse.

252 3413 276 3490 ²)
299 3416 348 3477 Sic
370 3417 478 3477 Leuius
501 3437 529 3496 p.
555 3420 625 3490 115,
649 3419 737 3477 Fabia
759 3437 788 3495 p.
812 3420 861 3478 58.

252 3536 275 3610 ³)
297 3537 385 3596 Hunc
413 3538 511 3596 locum
545 3537 642 3614 Groag
664 3558 692 3615 p.
717 3541 776 3598 753
800 3538 944 3613 neglexit:
979 3537 1178 3613 »Umgehehrt
1206 3539 1276 3598 teilt
1302 3539 1333 3597 P.

149 3640 236 3698 allelu
258 3640 305 3699 die
328 3640 609 3716 Beschuldigungen
632 3641 694 3714 mit,
718 3641 831 3700 welche
845 3636 1002 3699 Paulinus'
1017 3640 1159 3716 Truppen
1173 3659 1275 3716 gegeu
1290 3643 1333 3701 ih·

150 3760 202 3801 ren
236 3741 310 3801 Ohel
342 3742 494 3802 erhobeu».
541 3741 578 3805 Οἱ
603 3738 633 3805 δὲ
659 3737 759 3805 πολλοὶ
780 3741 840 3803 τῶν
862 3740 1050 3819 στρατιωτῶν
1072 3746 1102 3801 et
1124 3742 1229 3818 vulqus
1253 3745 1334 3821 paria

150 3850 236 3918 sunt;
261 3862 316 3903 neo
338 3845 437 3903 minus
459 3839 508 3906 καὶ
522 3844 679 3925 προδοσίαν
693 3838 846 3908 ἐνεκάλουν
861 3841 942 3923 αὐτῷ
957 3852 987 3903 et
1001 3844 1118 3903 adverso
1131 3863 1253 3905 rumore
1267 3847 1334 3922 suit.

252 3960 276 4039 ι)
311 3963 486 4023 Cavendum
517 3970 564 4024 est
592 3983 629 4024 ne
661 3966 834 4024 auctoribus
866 3965 956 4024 Lezio
990 3983 1018 4040 p.
1050 3963 1109 4024 116
1138 3982 1194 4042 sq.,
1217 3965 1332 4026 Hardio

151 4087 178 4145 p.
213 4069 261 4145 63,
294 4066 360 4124 aliis
393 4060 492 4136 αὐτοῖς
521 4068 559 4126 ad
580 4068 692 4127 milites
715 4066 785 4144 (τῶν
808 4064 1007 4145 στρατιωτῶν)
1029 4068 1152 4142 referam
1177 4069 1222 4128 sic
1246 4069 1334 4130 Lezio

151 4169 327 4228 Plutarchus
363 4172 393 4226 et
427 4167 547 4227 Tacitus
577 4169 655 4229 inter
682 4188 714 4229 se
742 4170 898 4228 abhorrere
922 4169 977 4228 visi
1002 4176 1083 4230 suut.
1126 4170 1217 4230 Fabia
1240 4191 1272 4249 p.
1296 4175 1335 4234 58

150 4273 217 4330 adn.
242 4273 259 4330 2
283 4270 405 4329 Lezium
430 4272 568 4330 correxit.
