2978 4800
189 295 258 356 ‘10¹4

152 491 190 555 in
218 489 378 575 singulis
406 489 533 555 verbis
551 481 577 572 ¹)
620 508 734 574 quam
771 490 808 555 in
837 490 950 557 totius
977 490 1047 556 loci
1075 489 1334 574 dispertitione

152 608 230 693 (nui
257 600 417 698 μάλιστα
436 610 505 698 μὲν
534 660 541 673 .
572 660 580 675 .
613 660 620 674 .
650 613 681 677 εἰ
706 607 744 676 δι’·
770 600 836 702 μή,
864 610 922 676 ccl
951 662 958 675 .
990 661 996 674 .
1029 661 1036 675 .
1066 609 1139 694 ccl)
1159 609 1334 675 Historiis

153 728 327 795 simillimi
365 732 463 795 sunt.
519 727 664 796 Deinde
691 728 728 795 in
757 749 790 794 v.
821 729 972 796 19-23
1002 728 1063 796 καὶ
1091 720 1160 796 οὐκ
1190 719 1335 810 ἀπεικός

152 850 230 916 doci
249 866 296 914 ex
315 867 381 934 epo
401 851 443 914 ut
461 848 706 914 concesserim
725 841 885 936 fluxit2);
911 847 1119 916 ἐπιπίπτειν
1139 839 1335 930 τοιούτους

152 959 417 1057 διαλογισμούς
443 971 500 1035 est
527 968 642 1035 tacito
661 969 761 1047 cot03
782 977 860 1051 τοῖς
877 965 1045 1062 γνησίοις
1063 965 1124 1034 καὶ
1143 959 1336 1048 διαπόνοις

152 1082 213 1152 καὶ
241 1083 483 1179 σωφρονοῦσι
512 1084 582 1155 τῶν
602 1084 837 1181 σιραιιιοιοῖι
856 1092 912 1153 est
931 1087 1037 1172 apud
1049 1105 1219 1173 paucum
1240 1105 1334 1170 quae

152 1204 303 1289 quidem
332 1205 545 1285 similitude,
564 1206 611 1273 de
640 1225 714 1292 qua
735 1206 834 1272 inira
855 1226 976 1293 agam,
999 1206 1162 1272 maxime
1182 1206 1335 1271 illustris

152 1327 219 1390 est.
275 1324 320 1390 In
361 1344 394 1390 v.
436 1326 591 1392 23-28
628 1326 730 1410 quod
765 1326 877 1392 iidem
913 1322 1060 1392 veteres
1087 1326 1336 1410 imperatores

151 1444 394 1511 nominantur
435 1447 500 1530 qui
535 1446 574 1512 in
610 1445 798 1525 Historiis
838 1445 953 1512 habet
989 1414 1335 1529 admirationemb3

152 1562 289 1629 Vitellii
318 1563 554 1650 Othonisque
587 1565 816 1650 comparatio
847 1585 867 1632 a
896 1565 980 1631 Tac.
1019 1565 1057 1631 ΙΙ
1085 1566 1131 1631 31
1172 1584 1253 1632 non
1282 1565 1338 1630 ab

152 1682 290 1748 horret.
347 1683 439 1748 Tum
480 1684 517 1749 in
559 1705 594 1750 v.
631 1684 786 1750 28-30
815 1686 849 1752 οι
878 1683 958 1779 περὶ
988 1675 1052 1752 ιον
1080 1683 1234 1753 Κέλσον
1259 1689 1339 1750 sunt

152 1801 265 1867 duces
297 1801 509 1873 Othoniani
520 1797 565 1889 4);
597 1795 701 1873 ταῦτ’
734 1786 803 1872 οὖν
833 1855 840 1868 .
870 1855 876 1868 .
906 1855 913 1868 .
943 1807 1337 1892 αἰιιθανομένους,α1-

255 2106 277 2179 ¹)
312 2107 392 2180 Quae
425 2109 490 2183 ipse
524 2109 613 2166 velim
647 2110 790 2167 conteras.
814 2143 854 2150 -
876 2101 978 2187 ‘Oppui
1009 2105 1117 2168 πολλαί
1147 2125 1225 2166 cum
1242 2125 1330 2184 parcre

150 2209 216 2266 belli
237 2228 288 2267 seu
302 2209 422 2284 fastidio
437 2210 588 2285 utriusque
598 2211 744 2286 principis
758 2210 988 2286 comparandum
1007 2208 1140 2282 videtur3
1161 2209 1322 2270 Plutarchus

151 2311 227 2368 duas
261 2310 353 2369 Taciti
388 2329 448 2369 uno
484 2313 572 2370 verbo
607 2312 830 2388 comprehendit
860 2329 975 2383 causaS,
998 2317 1027 2368 et
1050 2328 1198 2385 pavorem
1226 2310 1324 2371 beliiet

151 2414 304 2471 fastidium
341 2414 520 2491 principum.
565 2414 640 2472 Cum
667 2432 773 2488 pavore
795 2413 859 2472 belli
880 2414 968 2472 etiam
992 2432 1019 2468 v.
1039 2413 1078 2471 29
1102 2429 1151 2488 sq.
1177 2412 1332 2488 ἐλπίζοντας

152 2509 220 2578 ἄνευ
252 2510 346 2597 μάχης
379 2512 428 2578 καὶ
460 2511 560 2580 πόνων
586 2511 785 2599 κριθήσεσθαι
806 2512 845 2578 τὰ
866 2510 1028 2598 πράγματα
1050 2515 1181 2573 conferri
1208 2523 1336 2592 possunt.

151 2617 232 2690 Quae
254 2627 358 2677 contra
380 2618 541 2695 Groagium
566 2638 593 2695 p.
619 2622 678 2679 756
702 2620 773 2677 dixi.
800 2653 838 2662 -
861 2619 905 2677 De
927 2609 977 2681 τὸν
999 2611 1117 2697 ἄριστοι
1141 2619 1198 2677 cir.
1225 2619 1295 2677 adn.
1314 2620 1337 2676 4.

253 2734 597 2810 21011κιιίιόςίσιιο.
622 2741 660 2796 14
685 2758 711 2796 v.
737 2740 775 2796 12
799 2739 829 2795 in
851 2737 1041 2796 concedendo
1064 2736 1213 2811 positum.

253 2858 276 2930 ³)
300 2859 381 2917 Bene
404 2859 492 2917 Peter
514 2877 542 2934 p.
566 2860 620 2917 34:
645 2857 774 2916 »ireilich
796 2858 827 2914 in
848 2857 945 2915 eineui
962 2855 1198 2915 verschiedenen
1216 2858 1337 2918 Zusam-

152 2961 309 3034 menhaug,
340 2961 498 3019 immerhin
531 2962 601 3019 aber
629 2962 667 3019 ist
698 2961 761 3019 dies
794 2958 988 3034 Zunickgebn
1010 2958 1062 3014 aui
1083 2958 1245 3018 disselben
1271 2961 1338 3020 Vor-

152 3068 251 3136 gange
273 3063 304 3118 iu
328 3062 380 3119 der
404 3061 645 3137 vergangenheit
668 3063 712 3120 bei
735 3061 892 3120 desselben
926 3059 1117 3134 Gelegenheit
1141 3060 1257 3122 hochst
1278 3063 1337 3122 aui·

151 3164 286 3222 fallend».
330 3164 482 3244 Καίσαρα,
516 3183 605 3241 quem
640 3165 761 3223 Tacitus
795 3182 855 3223 non
879 3165 1021 3234 nominat,
1043 3181 1060 3220 e
1082 3161 1251 3223 Pharsalia
1272 3166 1336 3224 Plu·

151 3267 272 3324 tarchus
294 3267 380 3325 eruit.

253 3382 279 3460 ⁴)
303 3384 381 3442 Casu
403 3393 434 3443 et
457 3386 577 3444 fortuito
600 3385 781 3444 Plutarchus
806 3405 831 3443 v.
856 3387 895 3444 ‘28
919 3403 963 3461 sq.
986 3378 1052 3456 τοὺς
1073 3382 1137 3466 περὶ
1155 3382 1210 3450 τὸν
1225 3389 1337 3451 Κέλσον

150 3486 346 3562 preducibus
374 3487 548 3546 Othonianis
572 3488 674 3563 posuit
697 3489 777 3547 sicut
799 3486 833 3546 Ο.
858 3491 874 3546 7
900 3507 926 3544 r.
952 3490 1008 3562 133
1032 3496 1137 3547 contra
1161 3487 1196 3547 Ο.
1217 3494 1255 3550 11
1276 3492 1334 3548 uti

149 3584 217 3658 τοὺς
238 3585 302 3670 περὶ
323 3581 372 3652 τὸν
394 3594 542 3652 Παυλῖνον
571 3608 624 3665 pro
651 3590 729 3648 Celso
751 3596 776 3647 ct
799 3590 926 3648 Paulino
949 3589 1014 3648 Tac.
1038 3590 1142 3649 1140.
1188 3591 1334 3651 Paulinus

149 3710 166 3748 a
189 3691 348 3750 Plutarcho
372 3710 552 3768 quamquam
576 3693 622 3750 bic
645 3711 703 3750 non
727 3693 904 3767 nominatur,
928 3693 1108 3751 describitur
1130 3701 1237 3754 tamen
1255 3715 1282 3752 v.
1300 3698 1333 3754 16

150 3813 193 3869 sq.
218 3793 248 3855 ἐκ
274 3793 333 3855 τῶν
354 3788 510 3871 παρόντων
532 3789 749 3874 ἡγεμονικῶν..
767 3840 772 3852 .
788 3790 839 3859 τὸν
854 3789 980 3876 ἄριστοι.
1017 3795 1082 3854 Hoc
1104 3795 1218 3855 Nissen
1233 3817 1263 3875 p.
1277 3799 1334 3858 522

150 3897 312 3972 perspexit.
335 3898 381 3954 cui
405 3897 508 3954 irritus
532 3896 703 3972 obloquitur
725 3896 824 3972 Groag
847 3916 875 3973 p.
901 3900 960 3956 756
983 3898 1050 3954 adn.
1067 3901 1095 3954 l.
1133 3898 1194 3957 Cir.
1221 3911 1337 3976 praeter

150 3999 216 4057 Tac.
238 3999 268 4056 ll
292 4002 330 4057 37
353 3998 568 4056 uetustissimus
590 4000 789 4058 coactiliriam
811 4006 837 4058 ct
860 4000 966 4057 nrililiu
987 4000 1083 4058 clarus
1104 4018 1130 4057 e.
1155 4020 1184 4076 q.
1207 4005 1335 4062 setiam

148 4101 241 4159 1132
267 4101 425 4160 Suetonius
459 4101 605 4159 Paulinus
638 4103 760 4177 dipnum
793 4102 876 4177 sama
904 4122 959 4160 scca
981 4108 1071 4174 ratas,
1094 4121 1153 4176 qua
1175 4123 1268 4164 nemo
1290 4106 1338 4164 illu

150 4209 311 4278 tempestate
345 4203 485 4261 militaris
516 4204 559 4261 rei
580 4205 709 4263 callidior
735 4205 895 4263 habebatur.
941 4205 1053 4262 lniuria
1076 4205 1165 4263 Fabia
1189 4226 1221 4284 p.
1248 4212 1290 4269 64
1311 4217 1338 4267 et

152 4307 209 4364 111
235 4325 279 4382 sq.
301 4325 319 4363 a
342 4305 442 4363 Tacito
477 4314 599 4381 propter
629 4308 708 4366 Celsi
743 4309 899 4366 amicitiem
931 4325 1040 4366 nomen
1073 4307 1165 4367 huius
1190 4313 1339 4372 omissum
