2978 4800
1256 239 1296 296 59

264 430 377 498 1.-6
433 430 537 497 Haec
555 435 710 516 propter
728 449 886 516 magnas
907 429 1168 497 similitudines
1183 422 1220 514 ¹),
1242 449 1339 515 quae

154 551 264 618 facile
306 550 384 616 evit
387 550 442 620 ari
484 554 758 635 potuerunta
738 549 923 616 aTaoito
964 550 1131 635 proiecta
1168 550 1242 616 sint
1278 568 1339 615 ne-

154 690 259 738 cesse
289 674 357 736 est.

260 788 401 857 6-16.
458 787 692 875 congruunt,
735 788 800 855 sed
842 807 1073 855 communem
1102 788 1241 855 fontem
1270 788 1340 854 hoc

152 911 234 977 loco
257 907 471 975 adhibitum
491 927 608 974 essee
626 908 766 974 maiore
785 907 973 974 Plutarchi
994 926 1117 974 rerum
1137 908 1244 992 copia
1256 899 1340 991 ‘'et)

156 1027 477 1114 ecomparatione
508 1028 600 1095 Suet
586 1027 677 1094 tonii
703 1019 913 1111 0111011113.)
957 1026 1067 1104 Quod
1087 1027 1190 1094 Tacit
1176 1033 1235 1094 tus
1255 1027 1339 1092 taci-

153 1170 224 1218 nus
254 1147 423 1214 Helvidii
451 1148 563 1233 plane
591 1148 767 1234 neglegit,
743 1146 888 1214 tinde
907 1147 1040 1213 Lezius
1062 1146 1268 1232 quidemp.
1290 1147 1335 1212 71

150 1269 343 1337 concludit
370 1267 541 1334 diversos
568 1266 685 1333 fuisse
712 1267 851 1347 fontes3
881 1267 947 1334 sed
975 1266 1066 1334 illud
1086 1286 1151 1333 cur
1170 1266 1340 1333 omittere

149 1409 229 1456 non
272 1388 419 1454 licuerit
459 1387 597 1466 Tacito,
641 1386 814 1472 equidem
842 1406 918 1453 uon
946 1407 1044 1472 queo
1070 1386 1287 1472 intellegere
1298 1378 1337 1471 ⁴).

150 1511 358 1577 Praeterea
399 1505 495 1574 01110
517 1507 697 1593 pernttstt
724 1507 742 1573 l
770 1509 817 1574 47
856 1506 988 1573 eodem
1016 1511 1159 1593 spectat
1187 1525 1229 1572 ac
1256 1505 1339 1571 Plu-

150 1629 276 1698 tarchi
305 1621 376 1696 τοῦ
395 1613 571 1710 Ὄθωνος
599 1629 878 1719 ἐπιῑρέψαατος.

263 1746 411 1814 Rursus
431 1744 521 1811 illud
541 1746 795 1824 confirmatur,
810 1746 988 1824 Tacitum,
1005 1746 1070 1813 ubi
1088 1746 1228 1812 fontem
1244 1764 1339 1811 ccm-

154 1885 309 1934 munem
337 1865 494 1933 subesse
522 1870 662 1933 certum
686 1871 751 1944 est,
770 1884 838 1931 sua
859 1864 1047 1931 scribendi
1065 1865 1210 1931 ratione
1230 1884 1339 1930 usum

155 1986 296 2054 nimias
321 1985 504 2072 effugisse
532 1985 805 2052 similitudines

262 2174 533 2243 Racw

261 2311 344 2378 Hoc
384 2311 625 2378 Plutarchum
658 2313 791 2398 capite,
820 2317 862 2379 ut
889 2311 998 2396 quasi
1031 2309 1226 2376 funebrem
1255 2310 1340 2376 Gal-

150 2433 227 2499 bae
255 2431 511 2498 laudationem
538 2431 722 2509 redderet,
752 2452 834 2498 cum
863 2430 1075 2517 indulgeret
1103 2419 1339 2515 eloquentiae

156 2551 278 2639 magis
310 2570 421 2636 quam
451 2549 576 2628 rebus,
607 2555 898 2617 cousentaneum
928 2557 984 2615 est
1010 2549 1160 2636 lougius
1189 2549 1338 2615 solitoa

153 2670 285 2738 verbis
304 2669 462 2737 fontium
484 2670 691 2737 aberrasse.
735 2670 889 2735 Frustra
906 2669 1019 2755 igitur
1034 2673 1070 2735 et
1085 2669 1218 2734 Lezius
1234 2688 1270 2752 p.
1289 2670 1334 2735 71

150 2810 241 2878 sqq.
279 2791 414 2857 horum
449 2790 614 2857 omnium
647 2790 828 2876 originem
865 2808 885 2854 a
921 2789 1047 2854 Tacito
1081 2798 1116 2854 et
1148 2787 1266 2853 Fabia
1300 2808 1335 2872 p.

149 2912 204 2979 35
238 2929 295 2995 sq.
326 2910 374 2976 ab
403 2914 554 2977 auctore
582 2910 766 2977 communi
794 2914 966 2995 repetere
994 2913 1188 2986 conantur,
1218 2927 1340 2993 neque

262 3197 286 3272 1)
309 3198 368 3256 Cfr.
391 3197 504 3272 duplex
528 3191 610 3258 ἄλλοι
632 3197 673 3263 P..
697 3196 812 3272 duplex
834 3196 925 3254 olium
950 3194 995 3270 T.;
1030 3196 1137 3255 deinde
1161 3202 1286 3272 uterque
1309 3196 1339 3252 in

157 3301 221 3360 1010
244 3300 377 3359 iacentes
403 3298 511 3358 Othoni
535 3299 663 3374 principi
686 3300 817 3374 opponit.
843 3333 877 3340 -
904 3300 962 3357 Cir.
985 3299 1072 3356 Fabia
1093 3317 1121 3374 p.
1145 3300 1195 3356 34.

263 3419 288 3492 2)
310 3414 371 3503 ‘pq‘
393 3417 535 3498 δραχμῶν,
559 3423 704 3498 δεηθεῖσα,
727 3411 918 3496 ἐδωρήσαντο,
940 3410 1116 3495 Σεσσώρωα,
1131 3415 1262 3496 Πρίσκος
1281 3410 1344 3478 'Et-

150 3522 248 3608 βίδιος
272 3516 408 3583 ἀνείλετο.

263 3640 286 3717 3)
310 3642 367 3700 cu.
402 3639 525 3722 ἔρριψαν
548 3640 580 3698 Ρ.
603 3657 669 3697 cum
705 3640 803 3696 01110011
826 3638 855 3697 S.
878 3673 920 3680 -
943 3638 1029 3711 quod
1061 3638 1224 3698 Suetonius
1252 3645 1341 3715 eaput

153 3746 271 3806 Galbae
293 3750 414 3804 centum
437 3744 535 3801 aureis
560 3741 755 3816 redemptum,
778 3742 921 3799 donatum
945 3741 1125 3799 Plutarchus
1141 3742 1239 3812 tradit,
1255 3741 1340 3798 illum

153 3850 188 3908 in
214 3847 272 3905 hoc
293 3864 432 3922 peccasse
459 3844 633 3904 crediderim
657 3844 792 3920 falsoque
815 3844 944 3918 pretium
968 3862 1021 3920 pro
1044 3844 1140 3919 capite
1163 3843 1243 3902 Vinii
1260 3844 1340 3902 solu-

155 3958 226 4010 tum
249 3950 285 4007 ad
309 3948 419 4007 Galbae
441 3948 600 4007 rettulisse.
641 3945 745 4022 Neque
767 3946 846 4005 enim
869 3946 990 4005 libertos
1014 3945 1251 4005 Neronianorum
1274 3953 1341 4021 post

156 4053 337 4112 donationes
359 4058 479 4109 exactas
502 4051 574 4109 adeo
598 4050 723 4126 pecunia
738 4049 905 4108 abundasse
928 4048 1078 4125 probabile
1100 4055 1155 4107 est.

264 4172 287 4242 ι)
309 4172 449 4230 Auctoris
473 4171 639 4229 communis
662 4175 791 4229 erratum
814 4188 830 4226 a
854 4168 954 4227 Tacito
977 4176 1141 4228 correctum
1158 4186 1225 4226 esse
1237 4167 1341 4225 Fabiae

157 4296 188 4354 p.
203 4277 243 4336 35
260 4281 312 4334 aut
329 4273 455 4349 Grcagio
471 4292 499 4349 p.
518 4275 577 4332 746
594 4291 653 4330 non
668 4273 824 4331 assentior.
848 4271 953 4330 Melius
970 4272 1072 4345 Hardy
1088 4271 1124 4328 ad
1140 4272 1220 4327 hunc
1236 4269 1341 4327 locum.
