2978 4800
151 453 302 538 ὀρέγοντος
323 453 415 528 οὐδεὶς
437 454 580 538 ἀντέσχεν,
604 453 668 520 ἀλλ’
692 457 718 519 oi

151 555 204 639 pin
238 553 296 623 aiud
327 560 387 622 τῶν
419 560 520 641 τειχοῖν
552 555 717 640 ἠσπάζοντο

150 654 219 732 τοὺς
240 657 432 742 στρατιώτας,
454 662 481 725 οἱ
498 659 528 725 δὲ
548 657 604 733 τοὶς
624 657 721 759 riding

153 759 320 838 ἀνοίξαντες
338 759 456 844 ἐξῄεσαν
471 759 520 826 καὶ
535 759 717 845 ἀνεμίγνυντο

150 874 211 935 τοῖς
233 861 434 947 προσήκουσιν,

195 971 321 1029 43-45
348 969 456 1031 Ἠδίκει
478 967 508 1032 di
524 965 623 1044 οὐδείς,
639 966 716 1032 ἀλλὰ
816 971 887 1029 'Fiam
914 972 981 1029 niati
1002 972 1170 1046 uictoresque
1193 972 1225 1029 in
1249 971 1331 1030 lacri-

150 1065 201 1132 uai
241 1066 452 1151 φιλοφροσύναι
490 1068 538 1134 καὶ
578 1067 717 1149 δεξιώσεις
768 1092 834 1131 mas
856 1075 946 1150 affusi,
969 1081 1075 1132 sartam
1090 1075 1217 1131 ciciliam
1234 1093 1330 1132 armo-

149 1161 232 1252 ἦσαν,
256 1167 374 1252 ὤμοσαν
400 1171 430 1236 δὲ
451 1168 559 1245 πάντες
580 1171 643 1256 περὶ
665 1176 717 1238 τοῦ
768 1195 835 1233 rum
870 1176 976 1234 misera
1010 1176 1116 1233 laetitia
1149 1175 1332 1247 detestantes:

154 1270 322 1337 Οὐιτελλίου
345 1270 393 1337 καὶ
415 1272 646 1359 προσεχώρησαν.
769 1297 794 1337 c.
818 1298 845 1354 q.
869 1297 892 1337 s.

259 1485 367 1551 1-7,
422 1486 525 1553 Ηοοο
543 1489 720 1572 quoniam
742 1489 836 1555 adeo
856 1508 938 1555 cum
966 1489 1092 1555 Tacito
1112 1492 1333 1573 congruunt,

152 1603 201 1669 ab
230 1623 273 1670 eo
303 1605 466 1671 arbitror
501 1627 583 1673 esse
619 1609 835 1692 repetenda.
893 1609 1038 1674 Annius
1073 1607 1200 1674 Gallus
1229 1608 1330 1692 quod

152 1723 284 1789 eadem
319 1744 415 1810 quae
452 1727 490 1791 in
525 1727 700 1794 Historiis
729 1748 803 1793 non
837 1728 924 1794 dicit
958 1727 1058 1812 apud
1091 1727 1330 1793 Plutarchum

151 1863 186 1907 ν.
214 1844 238 1907 4
270 1863 365 1928 sqq,
395 1846 433 1910 in
463 1865 506 1911 eo
538 1846 708 1932 plerique
740 1847 842 1913 nulla
875 1866 987 1912 causa
1020 1848 1223 1913 haeserunt
1238 1840 1273 1931 ¹),
1301 1848 1332 1912 si

153 1962 306 2047 quidem
339 1965 385 2031 de
417 1967 653 2032 contionibus
681 1972 779 2033 recte
808 1968 866 2053 egi
893 1968 930 2032 in
956 1966 1205 2032 Praefatione.
1248 1967 1332 2032 Plu-

152 2084 303 2149 tarchus
333 2104 423 2151 suae
452 2087 630 2153 orationis
660 2092 933 2173 argumentum,
962 2087 1064 2170 quod
1088 2106 1156 2152 nec
1175 2087 1332 2171 tempori

149 2222 219 2268 nec
246 2223 431 2287 personae
460 2207 550 2272 satis
579 2208 896 2274 accommodatum
926 2199 1031 2290 esti),
1053 2207 1164 2272 exiis
1184 2206 1333 2273 videtur

150 2323 369 2406 sumpsisse,
416 2345 513 2410 quae
554 2327 733 2393 iactantes
776 2327 924 2393 Tacitus
965 2327 1079 2411 paulo
1120 2332 1205 2410 post
1246 2326 1333 2392 facit

150 2443 429 2525 praetorianos:
459 2466 505 2511 na
541 2447 758 2511 Vitellianis
782 2447 937 2532 qnidam
957 2447 1195 2512 incruentam
1217 2447 1333 2512 facisse

151 2562 362 2642 victoriam,
391 2566 501 2650 pulso
530 2567 663 2652 equita,
693 2569 807 2651 rupta
836 2566 998 2651 legionis
1026 2559 1215 2650 aqraalass).

256 2683 387 2749 7-18.
444 2685 547 2751 Haec
584 2687 731 2752 Tacitus
768 2685 941 2764 detraxit,
976 2705 1050 2750 non
1080 2705 1155 2770 quo
1184 2684 1291 2751 Celso
1305 2677 1331 2769 4)

152 2806 217 2867 aut
246 2801 385 2869 Othoni
399 2797 425 2888 ᾖ)
453 2806 591 2885 faveat,
622 2807 687 2872 sed
716 2806 805 2890 quia
832 2806 869 2870 in
899 2805 1012 2871 rebus
1039 2805 1220 2891 eligendis
1241 2824 1331 2870 suus

152 2925 225 3000 est;
255 2922 319 2987 cfr.
352 2943 449 3008 quae
479 2932 698 3010 sequuntur.

258 3173 281 3248 ¹)
305 3175 343 3233 Ut
367 3175 465 3252 Groag
487 3197 515 3254 p.
542 3182 602 3238 759
626 3197 669 3254 sq.

255 3277 279 3349 2)
312 3278 370 3336 cfr.
403 3278 616 3340 Gerstenecker
638 3282 705 3340 adn.
730 3284 778 3356 92,
803 3281 889 3338 Fabia
912 3299 939 3355 p.
965 3283 1012 3339 75.
1036 3279 1080 3337 Nc
1109 3279 1270 3337 Vitellianis
1296 3312 1330 3320 —

145 3379 297 3454 perituros
319 3389 388 3456 post
414 3382 604 3440 loramentum
627 3401 822 3458 praepropere
854 3388 1102 3458 transposuerunt
1125 3380 1280 3463 Valmaggi
1305 3386 1334 3438 et

152 3481 429 3557 Constans-Gubul,
452 3485 686 3543 Dieckmannum
710 3505 738 3561 p.
762 3487 800 3544 21
826 3486 929 3544 secuti.

256 3585 280 3662 3)
305 3587 359 3644 Hic
382 3589 473 3646 lontis
497 3589 665 3646 communis
689 3588 770 3645 nulla
793 3596 865 3646 sunt
889 3587 1027 3661 vestigia;
1055 3604 1122 3642 nam
1147 3585 1175 3646 ἐν
1196 3585 1231 3663 τῇ
1253 3583 1335 3649 πόλει

151 3706 189 3745 ex
226 3688 395 3757 Othoniani,
428 3690 599 3748 Bedriacum
628 3695 754 3765 petentes
776 3690 805 3747 ΙΙ
828 3693 868 3747 44
892 3689 959 3747 oriri
984 3689 1095 3764 potuit,
1120 3706 1173 3745 neo
1197 3689 1334 3746 minuse

152 3791 266 3867 reliquo
290 3793 387 3868 capite
411 3793 601 3851 manifestum
626 3799 672 3851 est
695 3793 825 3850 Bedriaci
850 3793 941 3850 luisse
964 3790 1091 3850 Gallum.
1130 3791 1217 3849 Fabia
1240 3810 1267 3866 p.
1295 3793 1332 3849 75

153 3911 197 3969 sq.
219 3895 407 3968 ingeniosius
432 3914 521 3970 quam
547 3895 646 3953 verius
669 3896 705 3953 de
729 3895 775 3953 his
798 3895 941 3970 disputat.

256 3995 278 4072 4)
314 3997 374 4056 cfr.
409 4006 512 4056 contra
544 3999 659 4055 Fabiam
691 4017 719 4073 p.
753 3999 813 4056 302
845 4015 888 4074 sq.
916 3996 1013 4072 Groag
1035 4015 1063 4073 p.
1089 3998 1148 4054 r94
1171 3995 1238 4052 adn.
1263 3996 1280 4052 2
1304 4001 1334 4053 et

153 4117 242 4175 supra
266 4119 293 4176 p.
320 4102 378 4159 104
402 4102 468 4159 adn.
491 4103 519 4159 4.

256 4202 279 4277 ⁵)
313 4203 372 4262 Otr.
406 4204 519 4262 Krauss
551 4223 579 4279 p.
613 4206 662 4271 52,
685 4204 772 4262 Fabia
796 4223 823 4279 p.
847 4205 908 4262 273
931 4204 998 4260 adn.
1024 4205 1049 4259 1.
1096 4197 1176 4281 Μηδὲ
1194 4195 1334 4275 Ὄθωνος,

156 4301 232 4386 εἴπερ
266 4300 338 4386 ἀνὴρ
372 4301 492 4386 ἀγαθὸς
514 4305 598 4379 ἐστιν,
620 4299 808 4386 ἐθελήσοντος
829 4303 869 4366 ἔτι
890 4304 1051 4383 πειρᾶσθαι
1072 4303 1122 4382 τῆς
1144 4297 1232 4384 τύχας
1246 4311 1276 4362 et
1298 4323 1333 4361 nc
