2978 4800
202 221 241 279 98

157 411 412 479 confitendum
450 417 506 479 est
522 407 557 498 l).
615 413 787 482 Ceterum
816 416 887 483 iam
916 417 975 482 hic
1002 418 1170 485 Tacitum
1201 419 1343 486 adhibi-

158 536 235 598 tum
264 550 346 598 esse
377 551 398 598 a
426 533 626 600 Plutarcho
641 526 667 618 2)
696 553 740 601 eo
767 535 964 620 probabile
992 536 1045 615 tit,
1067 538 1170 622 quod
1203 538 1342 623 quibus

157 651 285 718 verbis
323 652 385 719 ille
421 654 629 720 orationem
667 654 828 721 traducit
858 655 1083 740 (coniunctis
1115 696 1163 703 —
1194 659 1339 745 copiis),

158 792 202 838 ea
231 775 397 839 extremo
425 773 536 857 capiti
565 773 608 840 O.
640 775 662 840 7
691 775 932 859 respondent.

261 893 374 959 3—7.
430 892 473 958 ln
514 893 585 958 hoc
620 893 842 960 Plutarchus
880 894 1007 962 Tacito
1044 915 1120 963 non
1148 896 1201 962 ita
1231 897 1341 963 valde

157 1012 341 1098 congruit,
362 1012 434 1078 nisi
455 1012 556 1096 quod
577 1012 714 1080 Titiani
734 1017 770 1079 et
788 1014 936 1080 Proculi
964 1017 1171 1083 sententias
1190 1017 1339 1082 coniun-

157 1136 294 1198 xerunt
331 1131 452 1198 ambo.
509 1132 662 1199 Illorum
701 1153 782 1199 cum
817 1134 1068 1201 adulationem
1100 1139 1248 1202 tautum
1278 1136 1343 1203 Ta-

156 1252 251 1318 citus
291 1252 536 1339 perstringat,
578 1252 679 1338 apud
707 1253 946 1320 Plutarchum
977 1262 1201 1341 argumenta
1232 1276 1343 1341 quae-

158 1371 245 1438 dam
287 1371 519 1450 adferuntur,
552 1392 571 1438 e
605 1372 743 1456 quibus
783 1393 899 1439 unum
942 1373 1146 1442 Suetonius
1190 1395 1344 1462 quoque

157 1490 283 1558 habet.
328 1490 400 1557 Sed
431 1511 451 1557 a
478 1491 691 1570 Plutarcho,
725 1512 807 1559 cum
835 1494 985 1561 omnino
1013 1495 1183 1562 Tacitum
1213 1516 1345 1582 seque-

156 1616 272 1689 retur,
314 1630 390 1677 non
432 1611 534 1677 nulla
576 1617 710 1690 tamen,
737 1619 778 1679 ut
810 1614 849 1680 in
878 1615 1056 1692 oratione,
1098 1615 1259 1683 aliunde
1296 1618 1344 1683 in-

157 1731 310 1797 teriecta
338 1750 523 1797 essenon
552 1736 608 1798 est
634 1726 899 1818 incredibile3).

260 1851 398 1917 7-18.
455 1850 538 1928 Quo
581 1852 835 1918 dissimiliores
873 1854 910 1918 in
948 1853 1053 1919 dictis
1093 1853 1234 1920 alienis
1269 1857 1343 1923 red·

156 1970 289 2037 dendis
327 1971 449 2037 solent
485 1990 567 2037 esse
602 1976 759 2048 veteres,
788 1991 831 2038 eo
859 1973 978 2059 magis
1007 1973 1067 2039 ille
1096 1974 1165 2058 qui
1195 1975 1240 2041 in
1271 1995 1340 2043 sen·

155 2091 272 2157 tentia
312 2089 460 2157 Paulini
501 2092 598 2157 inter
632 2091 873 2158 Plutarchum
911 2097 947 2159 et
982 2093 1152 2159 Tacitum
1184 2099 1337 2181 apparet

155 2230 359 2277 consensus
388 2211 736 2277 commemorandus
764 2217 821 2278 est
833 2204 871 2292 4).

257 2330 300 2395 V.
344 2330 444 2396 7-9
485 2350 567 2396 cum
604 2330 740 2409 Tacito,
775 2333 840 2416 qui
873 2337 910 2398 et
936 2332 1016 2416 ipse
1043 2333 1081 2397 in
1109 2333 1229 2402 initio
1259 2337 1332 2402 hacc

153 2451 290 2534 posuit,
333 2450 380 2517 ad
417 2450 574 2516 verbum
602 2451 817 2531 concinunt;
849 2471 890 2518 ac
917 2452 1141 2518 Plutarchus
1172 2457 1337 2539 quidem,

256 2757 279 2831 ¹)
303 2756 410 2814 Lenius
434 2774 462 2832 p.
490 2755 559 2824 120,
591 2755 672 2830 quod
703 2755 758 2812 hoc
788 2773 826 2812 ex
850 2755 1026 2814 narrationis
1049 2773 1169 2814 conexu
1194 2777 1341 2836 apparere

151 2859 313 2931 contendit,
334 2859 365 2916 in
390 2858 462 2915 vitio
484 2863 540 2916 est.

254 2979 277 3050 ²)
309 2977 368 3036 Ch.
396 2970 412 3037 ὁ
435 2971 464 3037 δὲ
480 2971 581 3038 'Odor
604 3023 610 3034 .
637 3023 642 3034 .
667 3022 673 3035 .
696 2970 862 3058 ἐβουλεύετο
890 2971 954 3057 περὶ
975 2976 1026 3058 τῆς
1047 2972 1143 3058 μάχης
1165 2998 1239 3040 cum
1272 2983 1341 3042 Otto

150 3081 320 3139 cormultorit
341 3098 366 3137 e.
389 3099 417 3155 q.
440 3097 464 3138 s.

254 3200 279 3268 ³)
311 3199 390 3258 Haec
423 3218 440 3256 a
473 3198 574 3257 Tacito
606 3200 642 3257 ob
676 3199 752 3257 Celsi
785 3207 815 3257 et
837 3199 954 3257 Paulini
977 3199 1109 3258 studium
1133 3202 1252 3262 omissa
1274 3222 1338 3263 esso

150 3302 262 3362 Nissen
284 3321 313 3378 p.
337 3303 397 3360 522
422 3321 467 3378 sq.
489 3309 518 3360 et
542 3303 566 3359 si
590 3302 641 3378 qui
663 3319 731 3360 eum
756 3303 854 3360 secuti
870 3307 942 3360 sunt
956 3302 1034 3361 falso
1049 3303 1224 3378 opinantur.
1262 3305 1334 3364 Nam

150 3406 291 3481 quoniam
321 3413 352 3463 et
382 3404 503 3463 Tacitus
537 3410 567 3462 et
600 3403 761 3463 Suetonius
783 3422 878 3481 aeque
898 3423 933 3463 ao
956 3404 1135 3463 Plutarchus
1157 3424 1333 3481 perversum

149 3508 245 3566 fuisse
263 3507 370 3567 Titiani
399 3506 578 3582 Proculique
606 3506 763 3565 consilium
787 3507 842 3565 sibi
866 3516 1078 3583 persuaserant
1101 3508 1164 3583 (cfr.
1189 3507 1223 3567 T.
1243 3511 1273 3569 Il
1297 3513 1334 3570 33

151 3610 225 3667 ittera
248 3610 461 3668 illidentem
482 3609 755 3677 consiliiauctores
780 3609 861 3667 Suet.
886 3607 918 3667 Ο.
943 3611 961 3669 9
984 3609 1118 3685 quamuis
1138 3610 1264 3670 dirorum
1288 3632 1333 3671 ne·

150 3712 227 3769 ricini
252 3718 321 3770 esset
344 3712 417 3787 quin
439 3712 516 3769 trahi
537 3711 641 3769 bell-nm
664 3717 812 3786 oporteret
837 3711 868 3769 P.
892 3709 925 3769 O.
952 3713 990 3771 10
1013 3705 1172 3774 καὶτοῦτο
1196 3717 1336 3796 προσεξα-

148 3808 287 3893 μαρτών),
320 3833 380 3872 non
415 3821 479 3873 erat
509 3833 561 3871 cur
592 3814 681 3871 latius
708 3815 834 3872 istorum
860 3815 1115 3888 perscriberentur
1137 3817 1335 3876 ratiunculae.

149 3917 400 3992 ruperam.
424 3920 442 3975 3
466 3924 542 3974 extr.
567 3922 596 3975 et
622 3915 836 3976 Gerstenecher
858 3935 886 3991 p.
910 3918 959 3974 21.

250 4034 273 4105 ⁴)
296 4036 406 4094 Parum
429 4037 485 4094 hoc
506 4036 622 4093 curarit
645 4033 743 4110 Groag
765 4055 793 4111 p.
811 4039 885 4094 lot:
913 4036 983 4094 »llit
997 4043 1149 4111 grosserer
1164 4036 1337 4100 Sicherheit

148 4139 221 4197 hisst
255 4140 318 4197 sich
352 4141 400 4196 hir
433 4139 491 4196 den
523 4138 675 4213 liriegsrat
706 4136 799 4196 Othos
830 4138 878 4197 die
901 4139 1081 4214 Beniitzung
1104 4142 1340 4202 verschiedener

147 4241 281 4299 Beriehte
304 4242 531 4299 konstatieren».
