2978 4800
204 269 244 318 IV.

160 448 274 516 Haud
310 450 417 516 aliter
444 451 554 517 Peter
582 449 674 534 ipse,
706 469 805 516 anno
837 450 933 518 1897
964 451 1012 517 ad
1039 451 1136 517 hanc
1163 451 1340 537 cognitio·

159 587 244 635 nem
285 588 461 636 reversus
482 562 520 654 1),
549 589 632 636 cum
674 570 721 637 de
757 571 906 637 nomine
945 571 1106 637 auctoris
1135 570 1339 637 communis

159 688 332 756 Nissenio
360 690 590 769 concederet,
619 710 736 757 unum
765 695 889 757 tamen
917 691 1021 757 illum
1050 691 1217 757 aTacito
1238 690 1337 757 adhi-

159 806 277 874 bitum
306 809 435 876 noluit.

263 928 395 1013 Neque
410 928 611 996 defuerunt
631 929 783 996 alterius
800 929 1006 995 sententiae
1023 929 1183 1013 patroni,
1201 928 1339 1013 quibus

159 1047 307 1114 Tacitus
335 1048 525 1115 Plutarchi
554 1053 682 1115 auctor
709 1049 826 1115 fuisse
853 1047 1053 1115 videretur.
1094 1048 1241 1114 Primus
1261 1048 1339 1132 qui·

159 1167 243 1232 dem
280 1166 459 1234 Octavius
498 1167 634 1235 Olason
668 1188 749 1234 cum
785 1186 882 1234 anno
914 1168 1013 1234 1870
1041 1168 1175 1234 Petere
1203 1167 1273 1233 hac
1299 1168 1337 1233 in

157 1305 198 1353 re
236 1286 431 1354 oblocutus
470 1293 568 1355 esset
585 1281 624 1374 2),
661 1289 881 1374 Nipperdey
910 1307 1008 1354 anno
1039 1287 1139 1354 1874
1167 1287 1204 1352 in
1232 1306 1339 1372 prae-

156 1405 298 1473 fatione
333 1408 381 1473 ad
417 1409 581 1475 Annales
609 1409 852 1475 Mommsenio
880 1407 1128 1492 Nissenioque
1157 1426 1197 1473 se
1224 1425 1339 1490 oppo-

158 1527 233 1592 suit
250 1518 289 1612 3).
332 1527 551 1594 Plenissime
579 1547 670 1594 vero
699 1548 720 1594 a
746 1527 908 1611 Iosepho
928 1527 1040 1592 Lezio
1060 1525 1218 1610 Dorpati
1239 1544 1338 1591 anno

161 1645 261 1712 1884
291 1647 383 1712 haec
411 1647 566 1714 defensa
594 1648 690 1715 ratio
720 1639 830 1731 0014).
887 1645 946 1712 Ab
974 1645 1032 1712 his
1060 1665 1142 1711 oum
1171 1646 1242 1709 iarn
1273 1645 1337 1710 diu

157 1768 275 1832 staret
309 1767 510 1833 auctoritas
539 1767 752 1846 Woelfflini,
789 1767 958 1850 proxime
999 1765 1187 1849 copiosius
1223 1764 1338 1848 paulo

157 1884 204 1951 de
232 1885 360 1951 Tacito
389 1905 410 1951 a
437 1887 639 1952 Plutarcho
668 1886 854 1970 descripto
883 1884 1091 1970 disputavit
1108 1877 1146 1968 ⁵).

260 2119 284 2198 ¹)
307 2120 403 2195 Peter,
427 2122 480 2180 Die
502 2122 735 2196 geschichtliche
758 2121 924 2179 Litteratur
946 2121 1019 2178 iiber
1034 2120 1081 2178 die
1104 2117 1336 2177 1111010011οΚ0-

154 2223 262 2282 seraeit
283 2241 308 2282 0.
331 2243 359 2300 q.
383 2242 415 2298 0.,
448 2223 568 2300 Lipsiae
597 2243 622 2282 a.
656 2226 745 2297 1897,
774 2222 805 2281 ΙΙ
834 2242 862 2298 p.
886 2224 947 2281 274
971 2239 1015 2298 sq.
1052 2220 1186 2297 (>›Peter
1208 2220 1242 2279 G.
1266 2220 1336 2298 L.»).

257 2325 281 2403 ²)
304 2325 446 2384 Plutarch
468 2328 531 2384 und
554 2325 683 2400 Tacitus,
706 2325 836 2384 Berelini
858 2345 883 2383 a.
909 2326 989 2384 1870
1003 2324 1198 2401 00100010),
1215 2322 1336 2382 Tacitus

154 2428 216 2486 und
239 2427 359 2502 Sueten,
383 2428 579 2487 Vratislaviae
601 2447 626 2486 a.
653 2430 743 2488 1870.

257 2527 280 2607 ³)
304 2530 361 2589 Cir.
385 2530 517 2605 Lange,
540 2531 584 2590 De
600 2530 700 2591 Tacito
717 2531 869 2589 Plutarchi
891 2536 1019 2600 auctore,
1041 2530 1114 2587 diss.
1136 2528 1218 2586 Halis
1242 2527 1335 2586 Saxo-

153 2646 225 2689 num
263 2651 288 2690 a.
330 2633 424 2709 1880;
463 2633 608 2707 Krauss,
639 2633 684 2691 De
723 2633 851 2691 vitarum
885 2632 1072 2707 imperatoris
1116 2629 1241 2688 Othonis
1274 2630 1335 2688 fide

156 2735 356 2810 quaestiones,
380 2754 478 2810 progr.
501 2736 620 2811 Bipenti
643 2754 667 2794 a.
694 2737 790 2810 1880;
815 2734 1083 2800 Gerstenecher,
1098 2733 1157 2791 Der
1176 2732 1268 2806 Krieg
1283 2732 1336 2790 (les

152 2833 229 2894 Otho
262 2838 324 2894 und
356 2837 498 2895 Vitellius
525 2838 556 2895 in
582 2838 690 2896 Italien
720 2839 761 2895 im
783 2838 809 2896 J.
833 2840 882 2910 69,
904 2855 1002 2913 progr.
1026 2836 1169 2894 Monachii
1194 2853 1220 2892 a.
1245 2835 1335 2894 1882.

255 2938 279 3014 ⁴)
306 2938 445 3012 Lenius,
475 2939 517 2998 De
547 2938 700 2998 Plutarchi
732 2941 761 2997 in
792 2939 884 2998 Galba
906 2946 936 2998 et
959 2937 1076 2998 Othone
1098 2937 1239 3011 fontibus
1263 2937 1335 2994 (lies.

151 3039 274 3115 Dorpati
308 3041 490 3100 Livonorum
521 3061 545 3100 a.
572 3043 662 3101 1884.
685 3077 728 3084 -
750 3042 785 3100 In
807 3042 910 3100 eadem
933 3059 1023 3100 causa
1047 3044 1119 3112 sunt
1146 3039 1336 3098 Cornelius

150 3141 214 3214 (cfr.
248 3142 324 3200 infra
364 3161 392 3219 p.
427 3145 466 3203 60
506 3145 572 3202 adn.
608 3141 653 3222 1);
693 3145 809 3219 Klebs,
842 3144 1072 3218 Entlehnungen
1105 3161 1159 3200 aus
1179 3142 1336 3214 'Velleius

151 3242 267 3317 Philol,
291 3264 316 3302 a.
342 3247 432 3320 1890,
456 3265 484 3323 p.
509 3248 569 3306 305
594 3265 657 3324 sqq.

256 3347 280 3422 5)
303 3348 334 3406 Ε.
359 3368 386 3406 v.
411 3348 568 3414 Woelfflin,
591 3349 652 3407 Zur
675 3349 879 3425 Composition
898 3349 951 3407 der
966 3348 1117 3407 Histerien
1134 3348 1187 3406 des
1204 3347 1334 3418 Tacitus

150 3447 428 3524 Sitzungsberichte
449 3452 511 3510 1101
539 3451 763 3528 philos-philol.
790 3452 854 3509 und
876 3452 929 3509 der
951 3451 1054 3510 histor.
1077 3450 1179 3509 Classe
1203 3451 1255 3508 der
1278 3448 1335 3524 hgl.

151 3551 248 3625 bayer.
281 3554 440 3612 Ahademie
462 3555 514 3613 1101
537 3554 802 3627 Wissensohaiten,
835 3554 982 3612 Monachii
1010 3572 1035 3612 a.
1061 3555 1140 3612 1901
1166 3552 1335 3628 (»Woelff·

149 3653 200 3712 lin
234 3655 390 3733 eomp.›>);
426 3657 516 3715 huius
551 3657 616 3715 libri
647 3675 803 3716 censuram
827 3657 896 3715 iecit
915 3657 1114 3715 Andresen
1141 3656 1172 3713 in
1187 3655 1334 3714 Wochen·

148 3763 255 3822 schrift
276 3763 325 3818 fiir
341 3759 503 3818 klaesische
526 3759 698 3834 Philologie,
720 3779 746 3818 a.
773 3760 864 3833 1901,
887 3777 915 3834 p.
938 3760 999 3817 431
1025 3759 1116 3834 sqq),
1142 3757 1258 3816 Plinius
1274 3758 1336 3815 und

147 3866 275 3925 Cluvius
300 3864 406 3934 Ruqu,
430 3862 516 3920 Arch.
540 3862 606 3920 Lat.
625 3862 707 3935 Lex,
730 3881 755 3920 a.
782 3863 872 3935 1901,
895 3881 923 3938 p.
947 3863 1008 3921 345
1032 3879 1096 3937 sqq.
1124 3860 1335 3937 (›>Woelfilin

148 3966 272 4043 Plin.»).
315 3964 458 4022 Eiusdem
489 3965 652 4023 sententiae
680 3969 751 4023 sunt
778 3964 875 4038 Halm,
899 3964 1030 4037 Mueller,
1053 3962 1196 4040 Heraeus
1221 3963 1336 4036 Meiser,

148 4070 248 4148 Wolff,
283 4068 376 4126 Taciti
412 4067 554 4141 editores,
593 4064 625 4125 Ο.
653 4067 826 4125 Hirschfeld
848 4067 912 4140 (cfr.
936 4065 1088 4125 Woelfflin
1104 4065 1180 4124 Plin.
1197 4084 1226 4142 p.
1244 4067 1333 4142 350),

147 4173 311 4243 Ηο10100,
334 4170 365 4229 0.
389 4169 522 4228 Suetonii
546 4167 709 4244 Tranquilli
734 4169 811 4228 vitae
834 4168 952 4242 Galbae,
968 4167 1103 4244 Othonis,
1120 4168 1240 4241 Vitellii,
1262 4169 1336 4229 diss.

148 4274 317 4349 Groningae
340 4292 364 4330 a.
391 4273 480 4343 1898,
503 4289 531 4346 p.
557 4270 628 4346 VII;
665 4271 809 4330 Schwabe
842 4272 922 4347 apud
945 4270 1121 4343 Wissowam
1138 4273 1181 4330 IV
1196 4290 1225 4348 p.
1244 4275 1335 4332 1579.
