2978 4800
1248 253 1287 310 a?

150 461 228 509 non
251 441 340 508 satis
360 441 639 526 comprehensis
658 447 778 508 ortam
798 461 880 509 esse
895 442 1114 509 crediderim
1131 435 1168 528 ¹).
1199 443 1333 520 Quam·

152 580 267 648 quam
304 581 348 628 ea
383 580 460 628 non
489 566 545 628 est
573 563 793 647 scriptorum
822 562 1033 640 similitude,
1060 563 1174 641 cuius,
1202 564 1233 629 si
1260 582 1334 629 ma·

149 683 253 748 xime
283 700 302 747 e
330 681 433 748 fonte
461 683 646 748 communi
673 681 896 748 Plutarchus
924 701 991 748 sua
1012 683 1188 760 hauserit,
1208 683 1334 749 Tacito

149 802 268 868 fuerit
295 800 524 885 pudendum.

261 920 426 987 17-33.
481 920 579 987 Fieri
616 922 794 1006 potuisse,
831 927 871 988 ut
907 941 1004 988 unus
1040 922 1173 988 harum
1210 935 1334 988 rerum

157 1045 288 1108 auctor
307 1045 407 1107 esset
426 1040 585 1120 Tacitus,
606 1040 724 1107 Fabia
743 1060 779 1126 p.
801 1042 850 1108 53
871 1061 926 1126 sq.
948 1060 1022 1107 non
1042 1037 1071 1108 it
1089 1041 1240 1108 infitias.
1276 1043 1335 1108 Ex

154 1183 189 1228 v.
224 1160 379 1228 17-19
419 1161 529 1226 alium
572 1161 777 1246 inspectum
818 1180 900 1228 esse
940 1161 1078 1228 fontem
1117 1162 1334 1246 neutiquam

153 1281 350 1349 evincitur.
409 1279 452 1346 V.
487 1279 638 1347 19-25
659 1300 733 1347 non
753 1279 987 1347 mediocriter
1005 1299 1087 1346 cum
1108 1280 1233 1347 Tacito
1253 1300 1336 1347 con·

152 1405 314 1489 gruunt;
363 1398 473 1467 etiarn
522 1392 789 1491 ὸιαλεγὸμενος,
830 1400 931 1485 quod
973 1419 1069 1484 quae
1112 1400 1336 1468 antecedunt

156 1522 368 1606 depravata
418 1521 594 1587 videntur
642 1519 847 1611 Plutarchi,
882 1518 1087 1586 editoribus
1100 1512 1138 1604 ί3),
1185 1539 1336 1605 respon-

156 1641 223 1708 det
262 1639 381 1706 verbo
418 1640 534 1706 Taciti
575 1640 850 1726 colloqueretur.
909 1640 1078 1730 Χειρῖσιν
1107 1646 1143 1706 et
1174 1631 1337 1734 λογάδην

158 1761 286 1843 ἱππεῖς
312 1759 455 1825 leviora
486 1764 574 1826 sunt
602 1759 872 1826 adiectamenta
899 1778 1011 1844 quam
1039 1763 1080 1825 ut
1107 1759 1195 1825 inde
1223 1758 1335 1825 ellici-

160 1883 244 1944 atur
280 1898 512 1945 communem
550 1878 689 1945 fontem
724 1879 879 1945 subesse
892 1871 931 1963 3).
986 1878 1029 1943 V.
1060 1879 1215 1945 25—33
1245 1878 1337 1945 nihil

263 2079 284 2153 ¹)
318 2081 425 2139 Lenius
460 2100 487 2156 p.
525 2083 583 2140 100
608 2081 675 2139 adn.
701 2083 715 2139 1
740 2079 862 2139 inventa
891 2081 964 2139 haec
990 2086 1076 2156 putat
1098 2082 1134 2138 ab
1157 2081 1265 2156 ahquO,
1289 2081 1336 2138 oui

156 2185 256 2244 ieiuna
290 2184 399 2242 veritas
434 2201 494 2242 non
526 2185 686 2255 sufficeret,
710 2184 835 2242 tortasse
856 2201 873 2241 a
895 2183 1054 2242 Plutarcho
1077 2183 1152 2258 ipso.
1196 2183 1284 2241 Fabia
1307 2201 1335 2258 p.

155 2288 197 2347 52
231 2305 277 2363 sq.
313 2287 374 2344 veri
409 2286 505 2345 simile
537 2287 648 2344 iudicat
672 2287 781 2345 fontem
809 2304 996 2345 communem
1020 2285 1215 2344 aPlutarcho
1239 2286 1338 2358 inepte

154 2389 322 2449 breviatum
340 2406 415 2447 esse.
450 2387 548 2462 Groag
563 2407 591 2464 p.
609 2391 668 2447 752
685 2389 820 2447 diversos
837 2389 932 2447 fontes
949 2388 1069 2446 mavult.
1083 2422 1123 2430 -
1135 2383 1196 2449 Καὶ
1211 2388 1285 2468 μέγα
1300 2423 1338 2431 -

158 2491 287 2573 λέγοντες
321 2510 347 2548 r.
377 2493 467 2562 7--9,
493 2509 569 2566 quae
592 2490 766 2548 Beckurtsio
790 2508 818 2564 p.
843 2489 861 2548 2
884 2490 951 2546 adn.
976 2492 991 2547 1
1017 2489 1171 2564 pergravia
1194 2489 1339 2556 videntur,

158 2595 348 2655 conterantur
370 2611 436 2651 curn
462 2592 528 2650 Tac.
551 2592 628 2651 140
651 2591 851 2666 imperatorem
874 2609 962 2648 suum
985 2592 1125 2648 inermem
1147 2596 1172 2649 et
1193 2609 1289 2648 sonem
1306 2610 1340 2649 ao

156 2697 188 2758 P.
214 2696 249 2756 G.
274 2698 312 2755 27
335 2715 360 2755 v.
386 2698 424 2754 14
448 2713 491 2771 sq.
529 2695 566 2753 Et
588 2695 665 2753 diota
680 2693 804 2752 aliorum
821 2693 1008 2766 Plutarchus,
1022 2700 1057 2750 ut
1071 2692 1189 2764 assolet,
1205 2699 1338 2751 exornat.

265 2818 289 2893 2)
321 2817 447 2876 Solanus
484 2816 521 2891 (a.
548 2816 640 2890 1724)
674 2813 865 2872 Plutarchum
894 2806 1114 2894 τηβεννοφὸροις
1136 2813 1197 2888 (eir.
1221 2813 1340 2889 togatos)

158 2921 320 2996 scripsisse
353 2919 475 2993 conicit3
510 2918 577 2976 inde
610 2917 723 2975 incuria
746 2915 930 2974 librariorum
953 2915 1049 2991 primo
1072 2916 1182 2973 lactum
1206 2932 1272 2973 esse
1296 2937 1341 2994 ση-

157 3015 339 3104 μειοφόρος,
362 3040 431 3080 mox
455 3020 586 3101 σημείοις.
631 3019 689 3078 on.
717 3019 819 3093 Hardy
841 3018 878 3076 ad
901 3018 982 3076 hunc
1004 3017 1117 3076 locum:
1162 3017 1203 3076 »It
1226 3018 1251 3075 is
1274 3063 1280 3074 .
1304 3063 1310 3075 .
1335 3064 1341 3076 .

157 3126 271 3186 almost
293 3125 403 3183 certain
427 3124 489 3182 that
515 3121 639 3203 σημείοις
660 3122 687 3180 is
710 3141 727 3178 a
749 3121 921 3196 corruption
954 3120 998 3178 lor
1032 3137 1114 3179 some
1145 3120 1229 3178 other
1251 3120 1343 3193 word,

159 3229 245 3288 sInce
279 3228 328 3286 the
362 3226 454 3303 point,
488 3243 521 3284 as
552 3243 678 3301 appears
701 3224 776 3282 from
800 3223 840 3293 T,
863 3223 917 3281 lies
939 3224 971 3280 in
993 3221 1146 3281 Caecina’s
1168 3222 1343 3297 addressing

159 3332 294 3390 Romans
329 3328 420 3387 while
456 3329 578 3386 dressed
601 3327 633 3385 in
656 3325 751 3385 Gallio
783 3330 927 3400 costume,
950 3330 1001 3383 not
1023 3325 1054 3382 in
1077 3325 1123 3383 his
1146 3325 1237 3400 using
1259 3325 1342 3400 signs

159 3435 207 3493 lor
243 3433 366 3491 words».
411 3431 541 3489 Tametsi
565 3429 729 3505 comparari
752 3433 853 3504 potest
875 3428 955 3504 quod
978 3428 1014 3485 de
1036 3427 1204 3501 arrogantia
1226 3427 1343 3484 Pallan-

160 3537 202 3596 tis
236 3536 336 3611 prodit
367 3533 486 3592 Tacitus
509 3535 587 3590 Arm.
612 3531 686 3590 XIII
709 3533 763 3590 23:
786 3530 931 3606 respondit
952 3529 1029 3587 nibil
1048 3548 1191 3604 rrrnquom
1212 3548 1242 3587 sc
1264 3529 1346 3587 domi

160 3638 226 3697 arisi
254 3644 330 3695 nutu
362 3642 413 3695 ortt
442 3654 535 3694 rocoa
565 3634 752 3709 sipnificcsse,
774 3632 816 3691 cel
836 3633 865 3690 si
881 3632 969 3708 pluro
991 3631 1215 3690 demonstrando
1242 3637 1344 3703 esseut,

161 3741 270 3817 scripto
291 3759 390 3812 rreum,
413 3758 449 3797 nc
471 3757 565 3797 comm
586 3736 767 3795 consociaret.

269 3859 292 3936 ³)
327 3860 371 3918 Ad
403 3867 519 3939 χειρῖσιν
554 3857 668 3931 Hardy:
701 3855 812 3914 »There
835 3873 897 3913 tras
921 3854 1046 3930 nothing
1068 3854 1231 3930 peculiarly
1253 3853 1346 3912 Gallio

162 3966 257 4024 about
284 3963 391 4022 these».
427 3962 512 4037 Equo
534 3965 664 4034 ostroque
686 3959 752 4036 (mn
775 3957 878 4016 cheval
901 3963 1023 4016 couvert
1045 3957 1081 4016 de
1103 3975 1246 4033 pourpre»
1269 3956 1346 4014 Con·

163 4063 378 4141 stans-Girbal)
406 4064 481 4123 male
512 4062 623 4122 Graece
654 4061 768 4120 reddita
790 4060 907 4119 mallem
931 4060 1018 4118 Lezio
1041 4060 1238 4118 concessisset
1260 4058 1346 4116 Fabia

164 4189 196 4248 p.
222 4167 282 4228 109
306 4186 351 4244 sq.
378 4201 410 4210 -·
438 4167 481 4224 De
505 4166 632 4224 Caecina
663 4164 741 4223 varie
763 4182 780 4221 a
802 4162 996 4238 scriptoribus
1019 4162 1147 4220 iudicato
1171 4162 1269 4219 verius
1292 4161 1346 4219 Ile·

166 4273 233 4331 rius
257 4289 286 4348 p.
313 4270 373 4330 100
397 4288 442 4346 sq.
465 4288 555 4344 quam
579 4267 677 4342 Groag
699 4286 728 4343 p.
753 4267 821 4326 752.
