2978 4800
246 238 325 284 XXII

204 415 299 482 adeo
328 415 488 480 auctoris
516 415 720 480 communis
751 415 879 482 similis
903 415 974 483 fuit
993 416 1153 495 Tacitus
1174 420 1216 482 ut
1238 415 1277 481 in
1298 435 1387 481 eun-

203 535 287 601 dem
330 553 494 600 errorem
535 534 703 621 legentes
753 535 982 614 inducerent,
1026 538 1062 602 et
1104 535 1253 621 quidem
1294 535 1386 601 locis

202 655 400 741 pluribus?
420 647 445 740 ¹)

308 775 413 852 Quae
454 777 584 840 contra
626 773 811 859 disputari
853 774 973 840 solent
1008 774 1219 859 proximum
1256 778 1313 839 est
1344 778 1388 840 ut

205 894 412 961 videamus.
469 894 523 960 Ac
562 893 679 960 multa
721 894 884 978 quidem,
927 913 1025 978 quae
1067 893 1114 960 ab
1156 892 1387 959 adversariis

204 1015 437 1093 adferuntur,
467 1019 543 1080 tarn
575 1014 685 1098 parvi
714 1018 801 1079 sunt
828 1014 1015 1092 momenti,
1041 1018 1082 1080 ut
1109 1032 1205 1098 opus
1233 1032 1309 1078 nou
1337 1012 1388 1078 sit

205 1135 413 1201 accuratius
450 1134 497 1200 de
533 1135 579 1200 iis
618 1134 822 1218 disputare.
877 1133 987 1200 Velut
1023 1133 1124 1218 quod
1162 1133 1387 1200 Plutarchus

204 1273 279 1320 non
308 1273 395 1320 raro
425 1254 622 1338 quaedam,
654 1272 752 1337 quae
781 1253 881 1338 apud
911 1254 1075 1320 Tacitum
1096 1256 1256 1331 exstant,
1279 1253 1387 1319 silen-

205 1375 256 1440 tio
284 1373 474 1458 praeterit,
504 1373 542 1438 in
571 1392 615 1438 eo
644 1373 805 1439 maxime
825 1391 864 1438 se
883 1372 996 1438 iactat
1016 1371 1167 1459 Groagii
1189 1391 1387 1458 argumen-

205 1494 311 1573 tatio;
343 1493 406 1578 qni
434 1493 611 1577 postulat,
634 1495 675 1558 ut
699 1511 764 1558 cur
787 1492 954 1576 quidque
973 1492 1195 1558 Plutarchus
1215 1491 1387 1558 detraxe-

204 1614 261 1691 rit,
289 1632 402 1678 causa
430 1613 612 1678 reddatur
629 1605 667 1696 2).
710 1612 847 1677 Verum
872 1613 1048 1696 quoniam
1070 1611 1251 1679 Graecum
1274 1612 1387 1696 scrip·

204 1737 321 1799 torem
351 1751 434 1797 cum
461 1732 609 1797 licentia
644 1737 680 1797 et
707 1732 967 1808 inconstantia,
997 1750 1071 1797 non
1092 1731 1236 1797 ratione
1258 1731 1385 1797 stabili

204 1852 390 1936 firmaque
419 1854 609 1917 versatum
637 1869 718 1916 esse
739 1855 884 1916 constat
902 1851 940 1915 in
958 1851 1127 1917 lontibus
1146 1850 1329 1936 eligendis
1347 1842 1387 1936 ³),

206 1970 368 2037 sufficiet
400 1970 471 2037 ista
514 1975 735 2056 argumenta
776 1989 822 2035 ex
863 1970 1010 2036 silentio
1038 1969 1226 2035 Plutarchi
1268 1969 1386 2055 petita

206 2092 319 2157 semel
348 2091 550 2156 notavisse.

308 2210 439 2294 Neque
467 2209 551 2294 plus
580 2209 681 2276 valet
708 2210 810 2293 quod
839 2227 860 2274 a
884 2208 1084 2274 Plutarcho
1104 2208 1290 2275 interdum
1312 2228 1387 2275 ser-

206 2335 295 2396 vato
330 2331 507 2414 temporis
542 2329 673 2396 ordine
714 2335 1050 2395 commemorantur
1092 2348 1188 2414 quae
1223 2329 1260 2395 in
1290 2329 1386 2395 alius

205 2450 431 2516 narrationis
473 2468 609 2514 nexum
647 2449 880 2533 transposuit
913 2449 1062 2515 Tacitus
1079 2441 1118 2532 4).
1175 2449 1252 2514 Nec
1288 2448 1387 2514 enim

207 2569 301 2635 adeo
319 2589 428 2635 omne
447 2569 621 2636 iudicium
643 2576 707 2636 aut
725 2570 845 2635 omnis
863 2569 1017 2635 libertas
1038 2569 1157 2634 defuit
1171 2568 1385 2647 Plutarch0‚

205 2709 280 2756 non
309 2694 350 2755 ut
377 2690 457 2774 ipse
484 2709 607 2756 rerum
637 2690 768 2756 seriem
797 2690 993 2754 restituere
1030 2693 1158 2773 posset
1175 2679 1213 2772 ⁵).
1271 2689 1320 2753 Et
1347 2689 1386 2754 in

204 2840 341 2915 exempla
371 2858 429 2898 non
462 2839 581 2914 illepida
612 2839 796 2912 collegerunt
827 2837 1004 2908 Volkmann,
1027 2836 1126 2895 Leben
1151 2837 1211 2893 und
1236 2835 1387 2894 Schriften

206 2943 259 3000 des
294 2941 444 3009 Plutarch,
477 2940 609 2999 Berolini
637 2959 661 2998 a.
694 2941 783 3011 1869,
808 2959 834 3016 p.
863 2943 902 2998 35
931 2958 985 3015 sq,
1015 2939 1168 3014 Sichinger
1195 2957 1224 3014 p.
1249 2940 1288 2997 64
1312 2956 1387 3015 sqq,

207 3044 355 3103 Woelfflin
390 3044 492 3119 Comp.
527 3062 555 3119 p.
579 3045 629 3102 45.
654 3077 694 3086 -
717 3043 872 3101 Latinismi
905 3044 1044 3100 feruntur
1073 3043 1104 3099 in
1129 3043 1188 3099 vita
1211 3038 1337 3099 Othonis
1360 3060 1386 3100 c.

206 3150 265 3213 am
287 3166 331 3222 sq.
351 3141 432 3209 οὐδὲν
456 3139 530 3226 ὑγιὲς
553 3141 604 3208 τὸν
618 3152 777 3224 Κρισπῖνον
791 3139 867 3227 ἥκειν
885 3138 1088 3225 διανοούμενον
1103 3145 1167 3218 (cir.
1182 3143 1284 3218 Lagus
1300 3162 1328 3218 p.
1347 3145 1386 3202 18

205 3250 271 3306 adn.
296 3249 360 3324 28);
385 3249 441 3307 etsi
465 3249 521 3307 hoc
543 3247 722 3307 Plutarchus
745 3247 820 3306 falso
843 3248 970 3323 addidit;
995 3266 1019 3305 c.
1037 3250 1092 3314 631
1110 3239 1244 3327 σώματος
1258 3239 1387 3326 μεγάλου

206 3353 254 3426 (de
278 3353 333 3410 hoe
352 3352 491 3426 genetivo
514 3349 667 3427 qualitatis
688 3350 739 3408 cir.
762 3350 877 3424 Hardy3
894 3349 1015 3407 Tacitus
1032 3349 1120 3406 habet
1135 3367 1249 3423 corpore
1264 3348 1386 3423 trepens).

206 3454 251 3513 Ne
273 3455 344 3513 hinc
367 3454 533 3512 communis
548 3453 639 3511 fontis
663 3458 869 3526 argumentum
894 3469 1028 3526 quaeras,
1050 3452 1138 3509 etiam
1161 3451 1191 3508 in
1208 3449 1279 3509 vitis
1295 3449 1384 3508 Grae-

206 3576 308 3615 corum
327 3557 494 3615 latinismos
518 3556 686 3614 observavit
708 3555 821 3613 Reiske.

310 3657 332 3733 ¹)
356 3659 510 3717 Interdum
533 3659 633 3716 eadem
651 3675 727 3734 quae
746 3657 868 3716 Tacitus
884 3662 986 3732 peccat
1002 3656 1196 3714 Plutarchus:
1216 3659 1248 3714 0.
1266 3658 1310 3728 8,8
1325 3673 1384 3731 sq.;

210 3764 286 3834 raa
311 3779 354 3837 sq.

308 3863 332 3940 2)
356 3863 387 3922 P.
412 3865 471 3922 736
495 3871 526 3922 et
549 3864 650 3922 multis
673 3863 755 3922 locis.

309 3965 331 4042 ³)
356 3965 414 4024 Cir.
437 3964 614 4024 Gutschmid
636 3966 656 4024 l.
680 3966 699 4024 l.
722 3984 750 4040 p.
775 3966 814 4023 23
836 3983 879 4040 sq.
914 3964 1007 4022 Multa
1031 3970 1101 4023 sunt
1123 3964 1204 4039 apud
1219 3962 1387 4037 Polybium,

206 4088 282 4146 quae
304 4087 358 4127 cur
381 4069 515 4127 omiserit
538 4068 651 4146 Livius,
667 4071 778 4126 frustra
794 4068 973 4144 quaesieris:
994 4068 1045 4126 clr.
1063 4066 1173 4125 Nissen
1187 4067 1235 4124 Kr.
1249 4067 1281 4124 U.
1296 4085 1323 4141 p.
1337 4068 1386 4125 23.

308 4169 331 4241 4)
355 4170 420 4244 Quo
449 4178 624 4246 argumento
653 4176 779 4229 utuntur
801 4171 887 4228 Fabia
910 4190 938 4246 p.
964 4172 1022 4230 106
1046 4177 1076 4228 et
1100 4172 1159 4228 277
1184 4187 1263 4245 sqq.;
1289 4168 1387 4242 Groag

206 4294 234 4350 p.
259 4277 319 4334 736
352 4293 411 4351 sq.;
444 4276 514 4348 Leo,
540 4274 659 4333 Tacitus
687 4293 714 4349 p.
740 4276 771 4349 73
796 4273 909 4332 Schanz
932 4272 951 4330 l.
974 4273 992 4331 l.
1018 4292 1045 4349 p.
1069 4273 1139 4331 240.

309 4377 331 4456 ⁵)
356 4379 414 4439 cfr.
439 4376 589 4437 Woelfflin
612 4376 689 4434 Pliu.
712 4394 740 4452 p.
764 4378 825 4436 352
849 4393 893 4452 sq.
