2978 4800
260 409 301 476 P.
336 408 386 478 G:
409 427 439 476 c.
470 410 525 476 17.

199 543 303 602 6-20
320 534 721 623 εοδὲδῆμος...ίβόα...,
817 542 894 602 172
927 543 1093 619 Sophonius
1116 541 1336 620 iiqettinus...

151 639 289 706 ἀπαιτεῖν
311 640 341 705 δὲ
363 637 413 706 καὶ
435 636 524 713 θεοὺς
541 638 591 706 καὶ
606 636 723 722 οἶνθροί·
774 650 906 721 corrupto
927 645 965 704 od
978 664 1062 704 omne
1079 646 1197 721 focinus
1213 647 1337 710 Nerone.

149 769 226 815 πονς
234 769 283 808 τον
295 739 470 808 διδασκαλον
479 769 528 806 και
520 737 723 824 παιδαγωγον
774 747 916 823 quaedam
948 748 1052 823 iqnaro
1085 768 1185 825 ausus,
1219 770 1252 810 oc
1268 771 1337 828 pos-

150 847 205 927 τῆς
220 845 389 928 τυραννίδος
406 850 574 925 Τιγελλῖνον.
609 839 722 925 Ἐφθοί-
775 856 864 908 tremo
891 849 1018 908 eiusdem
1040 850 1163 910 desertor
1184 871 1217 911 ac
1237 855 1337 929 prodi-

151 973 196 1011 κει
211 942 408 1028 δὲὸγενναῖος
429 941 652 1029 προειδηφῶς’
632 971 722 1029 αρρα-
775 959 834 1010 tor:
866 952 943 1010 unde
965 971 1025 1010 non
1047 949 1141 1012 atium
1158 955 1338 1029 pertinacius

151 1049 226 1132 βῶσι
239 1074 285 1130 μεγ
285 1041 416 1118 citone
384 1073 434 1111 τον
447 1043 567 1111 Οὐίνιον.
591 1048 721 1111 Εἶτα...
774 1053 812 1111 ud
838 1071 964 1128 poenam
994 1054 1205 1129 stuqitccerunt
1228 1058 1338 1118 diuerso

150 1147 167 1215 ὁ
203 1149 234 1215 δὲ
265 1146 316 1214 καὶ
337 1144 462 1231 ποιήσας
485 1144 564 1225 ἄξιον
586 1144 722 1212 θανοίτον
774 1156 895 1233 adfectu,
932 1156 1038 1230 quibus
1077 1157 1177 1216 odium
1211 1159 1338 1219 Neronis

150 1254 282 1334 Nicone
318 1247 368 1315 nui
404 1245 554 1333 peripteroe
590 1251 722 1315 τοιοῦτον
773 1257 867 1317 inerot
881 1263 906 1316 et
920 1258 1025 1333 quibus
1046 1246 1228 1319 desiderium.
1252 1263 1340 1338 Apud

151 1345 352 1436 ἐγκαταλιπὼν
384 1349 434 1416 καὶ
465 1348 590 1435 προδοὺς
615 1354 722 1436 περιῆν,
779 1361 902 1420 Galbam
938 1360 995 1418 Titi
1022 1360 1104 1419 Vinii
1129 1363 1260 1437 potentio
1291 1364 1336 1422 de·

150 1457 226 1538 μίγα
244 1456 369 1536 δίδαγμα
390 1455 443 1518 τοῦ
466 1452 551 1536 μηδὲν
571 1451 722 1537 ἄπρακτον
773 1464 885 1539 tensius,
904 1463 1095 1538 praetexentis
1128 1471 1270 1523 seruotom
1302 1467 1338 1525 ab

152 1557 227 1621 εἶναι
258 1552 341 1638 παρὰ
373 1554 478 1636 Οὐινίῳ
510 1555 579 1640 μηδὲ
611 1555 721 1622 ἀνίλπι-
773 1585 804 1624 eo
826 1566 929 1641 lituum.
963 1565 1052 1623 Haud
1072 1567 1157 1625 dubie
1169 1574 1336 1641 seruauerat,

151 1682 224 1722 στον
255 1669 315 1731 τοῖς
341 1659 473 1723 διδοῦσιν.
522 1653 644 1731 Οὐδενὸς
665 1658 721 1742 γὰρ
773 1688 834 1727 non
866 1667 1021 1746 clementio,
1044 1669 1149 1745 quippe
1181 1676 1220 1728 tot
1250 1671 1337 1729 inter-

152 1754 233 1824 οὕτοο
265 1757 417 1842 θεάματος
451 1759 587 1844 ἐρασθείς
615 1756 631 1827 ὁ
655 1757 721 1826 ‘Pu-
772 1772 862 1847 sectis,
885 1771 934 1830 sed
965 1772 1105 1847 effuqium
1127 1774 1160 1831 in
1188 1774 1335 1848 futurum,

155 1863 252 1942 μαίων
283 1864 378 1944 δῆμος,
409 1858 449 1935 ὠς
478 1865 531 1927 τοῦ
561 1869 721 1946 Τιγελλῖνον
773 1875 843 1950 quic
860 1874 1011 1950 pessimus
1033 1875 1153 1950 quisque
1173 1876 1337 1951 diffidentie

154 1963 223 2028 idcir
244 1961 434 2048 ἀπαγόμενον,
450 1963 515 2030 οὐδὲ
533 1962 721 2047 παυσάμενος
767 1976 968 2052 praesentium
1004 1979 1196 2036 mutationem
1227 1998 1338 2054 pauens

152 2066 183 2129 ἐν
199 2067 274 2131 ποῖοι
296 2063 435 2150 θεάτροις
458 2064 507 2131 καὶ
530 2068 658 2139 σταδίοις
680 2068 720 2131 αι’·
772 2081 909 2138 arlnersns
935 2080 1085 2156 pubiicum
1118 2080 1215 2138 odium
1235 2082 1336 2157 prica-

149 2163 290 2249 τοιίμενος
312 2170 418 2234 ἐκεῖνον
434 2218 440 2228 .
457 2220 463 2230 .
481 2218 487 2231 .
774 2187 833 2240 tom
843 2182 970 2258 qratiam
978 2189 1153 2258 praeparat:
1168 2183 1244 2242 unde
1256 2185 1337 2243 nuttc

772 2285 951 2343 innocentiae
973 2304 1052 2358 curo,
1076 2286 1126 2344 sed
1146 2285 1219 2344 uices
1240 2287 1337 2363 impu-

772 2387 882 2445 nitatis.
916 2388 960 2446 Εο
980 2387 1125 2462 infensior
1134 2388 1272 2464 populus,
1287 2389 1336 2447 ud-

772 2488 833 2547 dita
855 2489 893 2546 ud
913 2494 993 2547 uetus
1018 2489 1151 2564 Tiqettini
1171 2491 1271 2549 odium
1293 2511 1334 2549 re·

772 2590 846 2648 centi
863 2590 920 2648 rtet
936 2589 1018 2647 Vinii
1039 2588 1157 2662 incidie,
1173 2611 1337 2650 concurrere

772 2713 806 2752 en
828 2699 885 2752 tota
906 2693 974 2751 urbe
996 2693 1030 2751 in
1044 2693 1195 2751 Palatium
1216 2713 1249 2752 oc
1263 2695 1337 2770 foro,

773 2804 798 2857 et
824 2797 875 2856 τιδι’
905 2795 1036 2873 plurimo
1057 2794 1137 2872 vulpi
1159 2795 1280 2866 licentio,
1303 2797 1337 2854 in

695 2906 699 2911 ’
772 2900 881 2958 circum
904 2914 937 2958 oe
959 2899 1067 2956 theatro
1089 2898 1174 2973 effusi
1194 2898 1338 2957 seditiosis

772 3003 887 3061 uocibus
909 3007 1053 3076 strepere.
1071 3045 1077 3058 .
1095 3047 1101 3059 .

259 3137 341 3205 Ηοο
380 3141 510 3226 cupite,
538 3144 639 3228 quod
682 3163 791 3229 omne
833 3140 1044 3209 exscribere
1084 3141 1238 3228 longum
1268 3149 1335 3221 est,

159 3256 381 3326 Plutarchus
409 3261 604 3329 evidenter
634 3263 745 3330 alium
774 3263 1009 3349 potissimum
1029 3265 1177 3328 secutus
1198 3266 1254 3327 est
1273 3262 1338 3328 du-

157 3394 234 3444 cem
272 3384 386 3463 atque
415 3380 580 3448 Tacitum
619 3383 734 3450 multo
762 3382 986 3449 breviorem.
1042 3381 1184 3475 Eorum
1213 3384 1336 3447 tamen

154 3516 255 3582 quae
283 3501 452 3585 excerpsi
482 3503 668 3587 quaedam
698 3503 801 3569 Tacit
788 3508 864 3569 tum
892 3519 1044 3587 quoque
1064 3500 1097 3565 ei
1118 3500 1166 3566 ud
1185 3519 1336 3568 manum

154 3616 273 3683 tuisse
314 3638 396 3685 mea
434 3621 611 3705 opinione
639 3621 820 3688 indicant:
862 3620 927 3687 otu
958 3610 977 3688 ὁ
1011 3619 1050 3689 δὲ
1085 3618 1147 3688 καὶ
1175 3609 1339 3714 ποιήσας

153 3723 262 3819 ὅίξιον
290 3729 466 3808 θανάτοιν
498 3742 651 3832 Νέρωνα
680 3738 740 3808 καὶ
767 3730 964 3830 γινόμενον
992 3735 1168 3808 τοιοῦτον
1191 3741 1338 3828 ἔγκατα

153 3846 273 3924 λιπών
301 3854 362 3925 καὶ
391 3849 553 3954 προδούς
579 3878 660 3925 cum
690 3862 865 3946 corrupto
893 3858 947 3924 od
970 3877 1079 3924 omne
1100 3858 1251 3926 fucinus
1270 3858 1338 3923 Ne-

154 3994 247 4040 rone
266 4026 272 4041 .
294 4026 329 4040 ..
357 3996 402 4043 uc
424 3980 615 4064 postremo
644 3979 813 4045 eiusdem
842 3978 1008 4044 desertor
1035 3997 1080 4044 ue
1102 3969 1335 4065 proditor¹);

260 4106 283 4184 1)
305 4108 439 4167 Desertor
471 4127 504 4167 ac
530 4110 673 4186 proditor,
696 4111 744 4169 oui
780 4110 851 4168 mire
885 4111 1045 4186 respondet
1067 4103 1267 4191 ἐγκαταλιπών
1288 4105 1337 4171 καί

153 4204 287 4290 προδούς,
310 4229 369 4269 non
392 4229 451 4269 uno
474 4211 538 4270 loco
563 4212 639 4272 dixit
662 4212 797 4271 Tacitus:
822 4209 951 4270 Orellius
975 4212 1096 4270 ascribit
1119 4229 1158 4269 ex
1180 4210 1209 4267 ΙΙ
1231 4212 1272 4268 tt
1292 4210 1338 4268 de·

154 4316 292 4370 sertorem
308 4313 550 4389 proditoremque,
574 4332 613 4372 ex
637 4316 713 4374 Anu.
735 4314 765 4372 ΙΙ
790 4315 828 4373 10
851 4314 975 4372 usone
996 4319 1022 4372 et
1038 4313 1178 4388 proditor.
