2978 4800
210 229 270 287 110

166 421 339 488 versibus
378 423 530 491 10—16
557 425 814 509 respondeant
841 427 900 493 hic
927 447 1001 494 non
1030 429 1156 498 habet.
1216 434 1353 518 ltaque

166 541 322 608 alterum
341 542 543 609 Plutarcho
561 550 713 628 praesto
732 544 848 612 fuisse
865 551 1053 615 auctorem
1068 549 1264 619 fatendum
1281 560 1351 632 est,

164 661 264 727 undo
293 662 423 729 saltem
451 683 487 728 v.
520 663 670 730 10-16
698 663 834 731 hausit.
891 666 1050 752 Reliqua
1078 675 1205 737 utrum
1234 692 1253 738 e
1283 673 1352 741 Ta·

163 781 234 846 cito
270 800 365 848 ane
399 781 503 848 fonte
543 783 729 849 communi
770 783 960 864 fluxerint,
1008 806 1230 858 asseverare
1273 813 1349 860 non

165 901 295 967 ausim.
350 902 477 968 Potuit
511 907 608 969 certe
637 902 720 969 lieri
747 908 789 969 ut
823 923 842 969 e
879 905 1027 973 duobus
1064 909 1157 976 haec
1194 913 1350 980 confun-

163 1020 268 1086 deret
309 1021 522 1088 auctoribus
560 1023 800 1102 Plutarchus3
841 1029 876 1089 et
904 1045 978 1091 non
1008 1031 1124 1094 totum
1154 1030 1348 1100 desertum

162 1161 244 1210 esse
272 1144 438 1211 Tacitum
468 1164 488 1210 a
515 1144 716 1210 Plutarcho
745 1143 783 1209 id
812 1146 1062 1230 suspicionem
1081 1155 1221 1230 movet,
1245 1155 1347 1237 quod

160 1282 255 1348 quos
284 1283 319 1328 v.
352 1264 399 1331 16
427 1270 468 1330 ut
496 1265 644 1330 Tacitus
672 1265 709 1329 Il
739 1264 787 1329 35
818 1263 1026 1332 Germanos
1055 1269 1235 1353 appellat,
1268 1293 1346 1340 eos·

160 1383 244 1449 dem
273 1383 316 1451 Ο.
349 1385 395 1449 12
426 1404 460 1449 v.
490 1384 541 1450 30
568 1389 609 1450 ut
637 1384 785 1449 Tacitus
814 1384 851 1448 Il
880 1385 929 1450 43
958 1385 1124 1453 Batavos
1139 1381 1177 1470 ¹).

261 1503 523 1570 RQcst

203 1673 283 1729 1—3
306 1671 473 1748 Γενομένων
495 1668 524 1732 δὲ
547 1664 721 1733 τούτωνκαὶ
817 1668 847 1726 ΙΙ
871 1671 910 1728 39
933 1670 1017 1729 altiles
1038 1673 1136 1730 alacer.

156 1772 215 1835 τῶν
237 1771 266 1834 ἐν
288 1771 445 1853 Βητριακῴ
463 1772 651 1853 στρατιωτῶν
668 1770 720 1834 τοῦ

150 1869 282 1944 Ὄθωνος
315 1875 512 1956 ἐκφερομένων
544 1875 605 1954 μετ’
636 1871 722 1957 ὀργῆς

155 1974 200 2039 ἐπὶ
221 1971 271 2058 τὴν
292 1972 387 2059 μάχην

199 2084 282 2139 3-4
303 2075 466 2162 προήγαγεν
482 2075 587 2150 αὐτοὺς
607 2075 721 2161 ὁΠρό-
814 2079 844 2136 II
868 2081 907 2138 39
940 2081 1109 2139 Proraoaerl
1138 2085 1180 2142 ad
1203 2094 1338 2162 quartam

154 2187 222 2253 κλος
244 2183 274 2246 ἐκ
296 2183 348 2246 τοῦ
371 2183 547 2263 Βητριακοῦ,
572 2179 620 2245 καὶ
638 2209 720 2246 κατε·
771 2198 789 2237 a
811 2181 948 2240 Bedriaco
970 2188 1063 2240 casira
1080 2183 1209 2258 placuit,

155 2284 400 2367 στρατοπέδενσεν
441 2277 500 2347 ἀπὸ
541 2281 719 2367 πεντήκοντα
864 2288 866 2290 ’

155 2386 280 2449 σταδίων

197 2493 279 2549 5-7
304 2484 395 2559 οὕτως
418 2484 545 2571 ἀπείρως
567 2486 615 2552 καὶ.
630 2514 718 2553 κατα-
812 2489 880 2547 adeo
913 2489 1052 2564 imperite,
1092 2496 1125 2548 at
1157 2511 1340 2572 qraarnqaom

153 2585 311 2673 γελάστως,
351 2585 435 2666 ὥστε,
471 2590 521 2671 τῆς
554 2588 605 2671 μὲν
640 2585 718 2669 ὥρας
769 2610 854 2649 aerrm
877 2596 999 2666 tempore
1022 2593 1096 2650 canl
1116 2599 1143 2651 et
1165 2600 1211 2654 lot
1235 2597 1339 2656 ceream

152 2693 264 2775 ἐαρινῆς
294 2689 389 2774 οὔσης,
419 2693 478 2756 τῶν
500 2691 530 2756 di
552 2689 649 2772 alaim
672 2719 718 2757 πε·
769 2693 906 2751 clunibus
935 2695 1064 2769 percrrrla
1100 2713 1195 2770 aquae
1236 2699 1342 2776 folipe-

152 2796 219 2859 lllrar
240 2789 334 2858 πολλά
357 2790 477 2874 νάματα
499 2792 548 2859 καὶ
568 2794 718 2879 ποταμοὺς
768 2801 875 2854 tenlur.

152 2894 294 2967 ἀεννάους
324 2893 457 2978 ἐχόντων,
488 2893 593 2969 ὕδατος
616 2896 719 2964 σπάνει

151 2999 311 3074 πιέζεσθαι.

195 3104 277 3160 8-9
314 3101 358 3180 Τῇ
390 3099 420 3164 δὲ
451 3096 590 3186 ὑστεραίᾳ
616 3101 717 3186 βουλό.
813 3102 842 3160 ΙΙ
865 3104 906 3161 40
929 3103 999 3160 Νοα
1020 3108 1052 3161 al
1074 3103 1112 3161 ad
1128 3122 1271 3180 pappam
1294 3109 1344 3168 sed

151 3230 235 3286 μενον
256 3198 393 3286 προάγειν
416 3200 459 3268 ε’πὶ
481 3201 549 3275 τοὺς
565 3206 717 3287 πολεμίους
768 3205 807 3262 ad
827 3204 989 3263 bellandam
1016 3206 1141 3280 profecti
1160 3209 1342 3284 confluentes

151 3302 218 3369 ὁδὸν
250 3302 302 3370 οὐκ
331 3303 475 3368 ἐλάττονα
507 3308 632 3372 σταδίων
654 3310 718 3372 iuu—
770 3307 848 3365 Padi
879 3312 904 3365 el
933 3307 1032 3366 Adaae
1064 3308 1238 3384 flaminum,
1263 3313 1340 3372 sede-

150 3402 199 3473 τὸν
769 3413 825 3470 clm
848 3412 914 3470 lade
935 3411 1053 3469 millam
1075 3411 1338 3488 palmatianum,

762 3515 902 3590 petebant.

253 3667 277 3746 ¹)
305 3669 363 3728 Cir.
387 3669 602 3728 Gerstenecker·
623 3689 651 3746 p.
676 3672 715 3728 53
740 3687 783 3745 sq.
806 3705 846 3711 --
872 3668 956 3726 Falso
986 3668 1079 3742 igitur
1100 3667 1217 3728 Krauss
1242 3689 1274 3746 p.
1301 3675 1338 3731 13

150 3765 352 3852 ἀποπηδῶντες
384 3770 424 3842 εἰς
450 3764 499 3834 τὸν
521 3765 654 3851 ποταμὸν
676 3766 733 3842 τάς
754 3796 785 3835 τε
807 3770 878 3840 ναῦς
901 3766 1056 3852 ἀνέτρεπον
1078 3788 1104 3826 v.
1130 3771 1170 3828 14
1195 3789 1242 3848 sq.
1269 3793 1338 3833 cum

148 3873 261 3931 desilire
283 3874 317 3931 la
338 3876 411 3933 eada
434 3922 440 3933 .
465 3921 470 3932 .
495 3920 501 3932 .
523 3881 660 3933 retentare
678 3893 791 3950 pappos
805 3874 833 3932 Il
851 3875 890 3933 35
908 3873 1100 3949 comparavit,
1117 3873 1141 3931 si
1158 3874 1288 3949 quidem
1303 3878 1339 3936 de

148 3976 362 4050 gladiatoribus
396 3979 538 4036 dicuntur
567 3977 624 4050 illa,
648 3978 719 4036 haec
741 3977 777 4035 de
800 3976 966 4035 Germanis.
981 4010 1021 4016 -
1038 3975 1180 4050 Plerique
1204 3978 1339 4039 editores

148 4081 210 4156 (cfr.
244 4078 460 4139 Gersteneckcr
491 4080 559 4138 adn.
589 4080 641 4154 59)
668 4087 699 4137 et
721 4079 828 4137 Clason
852 4097 879 4154 p.
899 4081 938 4137 59
962 4078 1078 4136 taedam
1102 4068 1163 4157 (τὴν
1188 4078 1286 4162 δᾷδα)
1310 4084 1339 4141 in

149 4201 240 4240 naves
271 4183 443 4259 impositam
466 4200 526 4239 non
550 4182 740 4256 distinguunt
762 4200 779 4239 a
801 4180 921 4256 similae,
946 4198 1021 4256 quas
1043 4179 1230 4255 gladiatores
1257 4184 1339 4245 iacu-

147 4285 223 4344 latos
246 4303 313 4344 esse
336 4292 436 4343 narrat
458 4284 588 4342 Tacitus.
