2978 4800
1135 278 1192 335 141

101 464 225 526 11-13
252 466 289 528 Οἱ
303 463 332 529 δὲ
348 465 525 544 στρατιῶται
536 471 622 528 Πλω-
717 465 747 523 Π
771 467 806 524 51
845 464 881 523 In
913 465 1014 539 sanem
1044 465 1107 522 eins
1135 469 1237 522 navata

53 565 117 628 τίον
134 566 186 630 τοῦ
202 568 300 647 ἑτέρου
315 568 374 631 τῶν
389 568 522 649 ἐπαρχων
537 562 622 647 ὀμνν-
674 567 751 625 tnetn
783 586 816 624 aa
846 566 939 625 datare
972 566 1101 623 militnm
1129 565 1237 636 seditio,

54 691 94 730 ειν
127 665 218 741 εὐθὺς
249 669 289 741 εἰς
310 665 360 734 τὸν
386 666 549 733 Οὐϊτέλλιον
580 694 622 732 κε·
673 688 724 727 nea
746 674 805 726 emt
827 668 879 744 μα’
899 671 1040 727 coerceret.

54 766 216 842 λεύσαντος
238 772 446 853 ἐδυσχέραινον·

101 876 226 933 13-22
248 870 296 936 καὶ
311 868 543 953 ποθόμενοιτῶν
558 897 621 954 συγ·
717 873 763 931 At
790 872 959 947 λένγινιιιιιιι
992 873 1076 948 earet,
1099 872 1184 930 enada
1206 877 1238 930 nt

55 974 196 1055 κλρτικων
228 975 317 1045 ε’νιίινς
338 973 379 1037 ἔτι
400 982 533 1055 παρεῖναι
554 967 622 1044 τοὺς
673 975 806 1051 retineret
827 975 996 1050 imperinm,
1019 993 1099 1032 nana
1116 979 1149 1032 nt
1164 974 1236 1049 λεγο-

54 1073 106 1157 nin
129 1070 236 1146 ἄλλους
265 1073 390 1158 ἀφῆκαν,
417 1072 569 1157 Οὐεργινίῳ
592 1072 622 1138 δὲ
675 1077 751 1136 timae
783 1077 863 1152 apud
898 1076 1049 1135 Caecinam
1076 1094 1109 1133 ae
1137 1074 1237 1134 Valen-

53 1171 170 1258 Ῥούφῳ
197 1173 359 1260 πράγματα
390 1186 526 1259 παρεῖχον
558 1172 622 1257 ἅμα
675 1185 730 1238 tam
763 1179 940 1254 fnnaeeetnn
974 1177 1143 1236 minitantes
1173 1196 1237 1236 ara·

55 1289 116 1350 τοῖς
149 1274 247 1351 ὅπλοις
279 1275 417 1351 ἐλθόντες
445 1276 490 1343 ε’πλ
515 1273 564 1362 τὴν
585 1281 623 1344 οἰ·
674 1283 760 1340 bant:
797 1281 950 1355 Veminms
967 1299 1021 1356 per
1042 1298 1172 1337 ammam
1188 1279 1236 1337 ελο-

56 1383 123 1444 κιάν
145 1377 194 1444 καὶ
218 1383 452 1453 κατακαλοῦντες
471 1372 560 1453 αὖθις
574 1378 622 1445 καὶ
677 1403 745 1443 εοεαε
764 1389 879 1459 partem
901 1383 1005 1459 fartim
1029 1381 1175 1456 diqressas
1190 1383 1235 1438 in·

56 1477 325 1563 [καταλκελεὺοντες
369 1479 465 1566 ἄρχειν
505 1478 521 1565 ἢ
559 1511 623 1564 πρε·
674 1491 841 1561 rumpentes
861 1486 1022 1561 frustratas
1043 1489 1092 1541 est.

56 1580 169 1669 σβεύειν
191 1580 261 1666 ὑπὲρ
285 1583 391 1650 αὐτῶν.
412 1583 442 1650 ‘0
458 1584 487 1650 δὲ
501 1585 551 1670 τὴν
564 1583 623 1670 ἡγε-

54 1685 157 1768 μονίαν
189 1682 358 1768 ἡττωμένων
383 1693 562 1773 παραλαβεῖν
583 1715 623 1754 νε-

54 1783 215 1870 νικηκότων
248 1783 388 1872 πρότερον
424 1784 462 1872 μὴ
492 1788 623 1874 θελήσας

55 1888 176 1972 μανικὸν
197 1886 302 1973 ἡγεῖτο·
324 1888 491 1975 πρεσβεύειν
508 1891 538 1957 δὲ
552 1892 624 1979 πρὸς

54 1988 124 2063 τοὺς
155 1989 325 2075 Γερμανοὺς
347 1989 445 2066 δεδιὼς
465 1992 559 2060 πολλοὶ
581 2002 624 2080 β-

54 2089 185 2176 βιὰσθαι
215 2091 297 2174 παρὰ
328 2091 439 2178 γνώμην
460 2094 508 2162 ὑπ’
534 2095 624 2163 αὐτοῦ

56 2195 217 2267 δοκοῦντας·
238 2197 328 2261 ἔλαθε
351 2200 387 2261 δι’
404 2200 509 2285 ἑτέρων
523 2201 625 2280 θυρῶν

55 2294 185 2361 ἐκποδών
205 2295 330 2381 ποιήσας
352 2297 466 2366 ἑαυτόν.

101 2403 227 2461 22-24
257 2396 309 2474 Ὡς
338 2401 367 2467 δὲ
389 2405 475 2469 τοῦτο
498 2405 625 2489 ἔγνωσαν
719 2409 831 2466 Earum
867 2426 939 2483 qnae
971 2405 1092 2464 Brinetti
1127 2409 1240 2480 eqemnt

56 2502 85 2565 οἱ
123 2504 309 2585 στρατιῶται,
346 2502 417 2577 τούς
452 2533 484 2571 τε
521 2502 623 2588 ὅρκους
674 2510 836 2568 οσλιονλιιιιιι
862 2527 960 2584 preces
982 2506 1112 2565 Rubrius
1138 2506 1240 2565 Gattns

55 2602 190 2679 ἐδέξαντο
223 2602 271 2669 καὶ
296 2617 357 2679 τοῖς
382 2606 446 2689 περὶ
467 2607 518 2673 τὸν
538 2611 625 2674 Κεκί-
675 2612 750 2682 λαλιλ,
782 2617 807 2670 et
839 2610 923 2668 venia
954 2608 1054 2667 statim
1076 2608 1237 2683 impetrata,

56 2731 111 2768 ναν
136 2706 315 2789 προσέθεντο
342 2707 505 2794 συγγνώμης
526 2708 623 2795 τοχόν-
675 2714 889 2774 eoncedenttms
910 2711 949 2771 aa
962 2712 1094 2770 atatamm
1105 2729 1158 2786 per
1172 2709 1239 2768 Fla·

55 2832 113 2878 τες.
397 2837 399 2842 ·
675 2817 757 2875 aiam
783 2816 928 2875 Sabinam·
950 2814 990 2872 iia
1011 2813 1111 2888 capiis,
1135 2811 1241 2887 qnibns

669 2919 847 2994 praefuerat.

164 3052 205 3117 V.
239 3055 339 3119 1-2
370 3056 417 3121 ad
447 3057 584 3124 Vitellii
612 3064 785 3144 spectant
806 3058 922 3125 vitam
942 3056 1238 3134 describendam,

56 3191 157 3256 quae
185 3177 394 3258 temporum
424 3176 621 3262 iniquitate
648 3180 788 3247 interiit
803 3173 840 3264 ¹).

162 3293 275 3359 2—6.
331 3295 434 3361 Haeo
462 3299 586 3364 omnia
614 3300 686 3384 ipsi
713 3304 817 3384 patet
836 3298 1037 3366 tribuenda
1056 3317 1139 3365 esse
1157 3298 1240 3363 Plu·

57 3412 199 3478 tarcho.
248 3414 484 3499 Quamquam
515 3405 601 3486 οὔτ’
633 3469 640 3484 .
672 3470 678 3484 .
711 3471 718 3484 .
749 3418 964 3514 ἐπίφθονον
984 3418 1071 3484 mihi
1091 3418 1241 3484 videtur

56 3532 183 3598 neseio
211 3553 287 3618 qua
315 3535 426 3601 modo
455 3538 685 3622 respondere
712 3538 831 3605 verba
860 3538 975 3604 Taciti
996 3558 1238 3618 mansnrnm;

58 3651 170 3717 etiam
198 3662 363 3746 μέτριον,
393 3656 569 3742 quicquid
596 3658 763 3744 loquitur
791 3658 920 3745 Groag
943 3679 977 3744 p.
996 3658 1071 3725 797
1095 3659 1180 3725 adn.
1203 3661 1238 3738 5,

58 3790 78 3837 e
108 3773 301 3839 mediatem
329 3776 451 3858 patuit
476 3776 596 3843 fluere
610 3769 648 3862 2).

57 3973 263 3982 ——--—-———.

165 4095 190 4172 ¹)
214 4096 272 4154 afr.
295 4098 413 4155 initium
437 4099 641 4158 Praefatianis.

163 4197 187 4275 ²)
209 4198 398 4276 »Plutarqua
420 4220 481 4258 aux
505 4202 760 4277 renseignements
786 4203 824 4261 de
847 4203 874 4260 la
897 4221 1012 4277 source,
1035 4204 1169 4280 aajoute
1192 4222 1240 4264 ses

59 4301 287 4360 connaissanaes
310 4303 532 4377 personnelles»
555 4304 654 4380 (Fabia
675 4323 704 4380 p.
728 4307 787 4376 et).
