2978 4800
192 251 252 309 134

151 447 229 510 toto
257 444 369 510 domo
397 461 428 508 e.
459 462 494 526 q.
525 461 553 508 s.
610 442 727 520 Quae,
752 447 793 509 ut
812 443 849 509 in
869 443 1115 522 oratiuncula,
1137 445 1232 511 satis
1253 464 1336 511 corr·

148 563 286 629 oinunt.
343 562 453 638 Quod
490 581 582 628 vero
616 565 782 628 extrema
812 562 971 630 Othonis
1000 563 1129 642 verba,
1162 583 1199 629 v,
1235 565 1335 630 12--

151 683 211 759 15,
256 681 356 767 apud
397 686 598 766 utrumque
635 681 764 748 eadem
803 686 900 760 sunt,
935 682 1079 749 dehoc
1108 690 1337 770 argumento

148 820 224 895 uno
257 801 423 868 omnium
450 800 676 886 gravissimo
704 800 782 866 dixi
809 801 847 867 in
875 801 1124 869 Praefatione.
1185 803 1246 870 Ea
1276 821 1337 870 au·

149 927 222 988 tem
250 920 441 986 Plutarchi
469 919 598 999 verba,
629 939 726 1005 quae
755 921 833 987 sola
862 921 998 988 desunt
1027 923 1127 1007 apud
1156 923 1337 1002 Tacitum,

150 1041 200 1125 (u.
248 1040 411 1121 10-12)
453 1040 568 1106 fontis
610 1041 814 1106 eommunis
850 1060 932 1107 esse
966 1041 1144 1108 indicium
1174 1043 1338 1110 libenter

149 1160 360 1239 confiterer,
381 1160 453 1226 nisi
472 1160 569 1225 fides
588 1159 633 1225 iis
652 1160 870 1245 deroganda
887 1160 1098 1227 videbatur.
1132 1161 1232 1228 Nam
1250 1182 1337 1248 quo-

148 1281 249 1346 niam
280 1279 462 1346 Statiliam
494 1279 732 1345 Messalinam
757 1279 916 1346 Neronis
937 1299 1092 1347 uxorem
1114 1281 1164 1348 ab
1186 1281 1335 1349 Othone

150 1399 385 1466 matrimonio
414 1398 641 1465 destinatam
670 1397 869 1465 Suetonius
890 1398 931 1466 O.
956 1400 1003 1466 10
1028 1401 1237 1468 memoriae
1257 1422 1334 1487 pro·

149 1519 254 1597 didit,
285 1519 365 1585 veri
391 1519 509 1584 simile
528 1538 603 1584 non
624 1523 680 1584 est
700 1517 885 1585 Othonem
906 1520 953 1586 de
972 1520 1099 1587 fratris
1118 1521 1202 1589 filio
1226 1522 1333 1606 adop·

150 1638 267 1705 tando
297 1639 511 1725 agitavisse,
530 1657 653 1723 neque
674 1638 850 1705 credibile
869 1639 970 1717 illud,
989 1641 1018 1706 si
1038 1640 1117 1718 fuit,
1138 1643 1331 1708 consilium

148 1759 221 1844 ipsi
259 1763 333 1824 tam
370 1759 619 1842 periculosum
650 1778 670 1824 a
700 1758 904 1825 Cocceiano
932 1760 1171 1846 divulgatum
1203 1780 1288 1828 esse
1303 1755 1331 1844 1).

149 1878 283 1963 Itaque
323 1878 416 1944 haec
456 1877 656 1944 facundiae
696 1878 897 1958 Plutarchi,
936 1879 1053 1946 verba
1082 1878 1250 1948 Othonis
1272 1901 1331 1967 po-

149 1999 259 2064 steris
287 1998 368 2063 suis
396 1998 433 2064 ΙΙ
463 1997 512 2064 48
543 1998 590 2063 de
609 2017 711 2064 more
732 1998 1004 2083 amplificantis,
1025 2019 1100 2065 non
1121 2001 1330 2067 inconsulte

151 2124 382 2185 asseruntur.

256 2238 409 2303 15-23.
465 2237 705 2303 Plutarchum
747 2236 872 2302 Tacito
913 2236 1138 2302 simillimum
1182 2257 1278 2318 esse,
1313 2259 1330 2304 a

153 2357 334 2424 Suetonio
361 2357 510 2443 longius
541 2357 673 2423 abesse
701 2357 785 2441 quis
814 2360 870 2423 est
897 2356 987 2441 quin
1017 2350 1215 2442 videare-²)

252 2495 291 2561 P.
323 2493 364 2563 Ο.
395 2514 423 2560 c.
455 2495 509 2560 17.

194 2699 275 2754 1--4
303 2691 380 2775 Ἤδη
414 2692 444 2758 δὲ
476 2694 598 2775 ἑσπέρας
629 2689 715 2772 οὔσης
809 2693 838 2751 ΙΙ
861 2694 902 2752 49
942 2692 1153 2767 Vesperuseerzte
1183 2694 1232 2753 dia
1254 2695 1332 2752 sitim

149 2798 274 2878 ἐδίψησε,
309 2793 358 2860 καὶ
388 2790 459 2860 πιών
486 2793 579 2878 ὀλίγον
600 2789 715 2870 ὕδατος,
767 2795 873 2853 haustu
893 2795 1001 2870 pelidae
1022 2814 1112 2870 oqoue
1135 2796 1256 2856 sedavit.

252 3019 275 3090 ¹)
310 3021 369 3079 Ofr.
394 3021 508 3078 llrauss
536 3039 563 3095 p.
589 3022 626 3078 15
652 3038 711 3095 sq.;
735 3019 829 3091 labia,
853 3018 980 3077 Sources
1004 3037 1032 3094 p.
1056 3020 1105 3088 83,
1130 3021 1190 3078 141
1219 3039 1274 3098 sq,
1295 3022 1336 3080 Le

150 3124 299 3182 troisieme
328 3125 455 3197 mariage
478 3123 514 3181 de
537 3121 646 3194 Neron,
671 3122 772 3180 Revue
794 3123 831 3180 de
852 3121 1022 3196 philologia,
1044 3141 1069 3178 a.
1094 3123 1186 3196 1895,
1212 3142 1241 3199 p.
1265 3126 1335 3183 231.

150 3225 231 3283 Talia
267 3244 354 3301 quam
383 3226 468 3283 facile
491 3225 652 3282 Plutarcho
675 3225 812 3305 excidere
835 3225 987 3299 potuerint
1009 3241 1176 3295 sermonem
1202 3226 1338 3301 fingenti,

150 3346 248 3404 neque
264 3329 350 3386 Fabia
373 3346 469 3404 neque
491 3329 636 3385 Rechurts
659 3346 688 3402 p.
714 3329 731 3384 2
755 3327 856 3384 adnl
881 3326 1103 3384 intellexerunt.
1145 3325 1337 3404 Quamquam

149 3433 206 3489 hoc
228 3431 346 3489 aliunde
368 3431 458 3488 inseri
482 3431 619 3505 potuisse
642 3448 700 3488 non
725 3430 854 3504 praecise
878 3447 961 3503 nego.

251 3547 274 3625 2)
297 3550 355 3609 Cir.
378 3543 526 3630 γενόμενος
549 3544 578 3610 δὲ
602 3543 661 3611 ἀπὸ
681 3542 793 3610 τούτων
815 3548 855 3621 P,
875 3554 942 3622 post
964 3567 1035 3624 qsrrue
1057 3548 1176 3606 directis
1200 3551 1339 3609 omuibus

150 3653 198 3728 T.;
222 3661 283 3722 τοῖς
306 3647 424 3714 ἀπιοῦσι
446 3652 488 3712 P..
510 3652 680 3709 obeuntibus
702 3650 746 3727 Τ.;
771 3670 824 3723 eos,
848 3652 899 3726 qui
920 3650 1058 3708 discedere
1079 3655 1104 3708 et
1126 3651 1207 3709 abiro
1230 3660 1340 3729 coeptu·

149 3757 217 3813 earn
231 3756 274 3830 S.;
292 3754 449 3834 domelinae
472 3748 653 3832 ἀποσφάξειν
668 3754 712 3827 Ρ.,
727 3754 847 3812 esitium
870 3753 1080 3811 ruiaitobuntur
1092 3752 1124 3810 Τ.
1157 3752 1207 3812 Ne
1223 3759 1341 3817 καταλι-

148 3853 254 3926 πόντες
278 3858 397 3933 quidem
414 3876 481 3915 cum
499 3858 650 3915 desertores
666 3857 799 3916 Suetonii
817 3857 981 3914 necessario
998 3856 1143 3914 cohaeret.
1178 3856 1216 3915 ln
1233 3851 1342 3939 τραχὺς

150 3956 255 4038 ὀφθείς
278 3987 303 4022 κ.
326 3983 351 4022 τ.
373 3963 398 4020 λ.
421 3961 552 4035 picturae
575 3960 711 4033 indulget
734 3959 930 4032 Plutarchum
950 3958 998 4015 alii
1016 3958 1130 4016 auctori
1146 3977 1341 4037 nequaquam

150 4082 185 4121 ea
207 4063 328 4122 attribui
354 4069 478 4137 oportet.
513 4061 599 4134 Quod
622 4062 751 4119 nuntiari
776 4059 884 4119 Othoni
908 4061 1068 4118 tumultum
1087 4061 1193 4119 scribit
1211 4063 1343 4135 Tacitus

150 4167 186 4222 ab
220 4166 285 4240 ipso
320 4165 455 4223 exaudiri
491 4164 679 4235 Plutarchus,
713 4162 868 4238 pomulam
902 4163 978 4220 hanc
1007 4163 1205 4222 differentiam
1232 4167 1344 4242 premit

151 4266 250 4342 Groag
272 4287 300 4343 p.
329 4270 386 4326 761
411 4274 441 4325 et
466 4270 535 4326 766.
