2978 4800
767 410 947 468 delicatius.-
970 413 1010 468 Ac
1029 416 1125 470 locun
1137 410 1246 486 parade
1259 429 1331 485 pou-

767 511 860 581 dr'um,
884 511 959 588 quod
989 518 1049 570 tom
1070 531 1216 589 pauperes
1236 516 1332 588 sorcut

768 614 872 689 quibus
900 614 1032 672 dormsset
1054 614 1131 673 Nero
1154 633 1241 691 quom
1266 614 1330 690 qui-

768 717 821 775 bus
842 716 1011 775 abstulisset.

254 925 357 992 Haec
389 921 631 993 Plutarchum
664 946 739 993 non
769 926 896 993 Tacito
924 925 1061 992 debere
1089 925 1330 992 manifestum

148 1048 217 1110 est.
274 1044 439 1113 Primum
473 1047 570 1113 enim
600 1046 748 1113 Tacitus
776 1046 1038 1133 gravissimam
1067 1045 1202 1112 omittit
1230 1045 1332 1111 illam

148 1183 263 1248 quam
305 1171 341 1231 et
381 1165 603 1233 Plutarchus
633 1170 668 1233 et
698 1165 901 1233 Suetonius
929 1169 1221 1232 commemorant
1248 1184 1332 1232 con-

149 1284 344 1367 dicionem,
372 1291 414 1352 ut
446 1286 556 1352 etiam
586 1285 616 1352 si
646 1286 735 1371 quid
763 1284 966 1351 Neroniani
994 1284 1174 1352 donatum
1203 1284 1333 1352 vendi-

149 1403 305 1484 dissent,
350 1405 561 1472 auferretur
602 1405 843 1491 emptoribus.
897 1405 989 1471 Tum
1029 1404 1254 1470 Plutarchus
1299 1410 1334 1471 et

151 1523 356 1592 Suetonius
384 1525 481 1592 inter
509 1544 548 1591 se
577 1529 789 1612 congruunt
815 1525 853 1590 in
882 1524 1008 1591 verbis
1037 1532 1115 1608 τοῖς
1143 1523 1224 1619 περὶ
1243 1547 1334 1618 orn·

150 1667 219 1739 νην
259 1642 320 1712 καὶ
362 1644 594 1739 παλαίστραν
635 1649 671 1712 et
710 1644 876 1712 scaenici
917 1648 985 1711 out
1016 1644 1163 1729 mystici,
1191 1643 1333 1729 quibus

150 1782 250 1847 quae
277 1764 533 1849 respondeant
560 1765 823 1832 desiderantur
850 1764 888 1831 in
917 1763 1103 1829 Historiis.
1158 1763 1334 1850 Denique

150 1881 318 1949 Graecus
347 1903 415 1950 suo
444 1889 611 1969 tempore
638 1903 716 1950 rem
736 1888 876 1962 narrat,
897 1882 1006 1949 nimis
1027 1901 1111 1948 sero
1132 1876 1332 1970 Tacitus1).

152 2001 378 2078 Similiores.
395 2008 519 2071 tamen
553 2009 641 2072 sunt
669 2024 781 2090 quam
809 2008 850 2070 ut
877 2003 1049 2069 diversos
1078 2007 1250 2070 auctores
1281 2023 1335 2070 se·

149 2122 226 2188 cuti
254 2140 336 2188 esse
364 2115 558 2208 possint2).
607 2123 843 2208 Quamquam
875 2122 1023 2190 Tacitus
1052 2126 1195 2189 tantum
1225 2123 1334 2190 abest

150 2245 192 2308 ut
221 2242 268 2307 ad
297 2242 455 2309 verbum
483 2262 566 2309 cum
593 2243 696 2309 fonte
724 2242 943 2321 consentiat,
965 2243 1076 2308 etiam
1104 2242 1259 2308 nimiam
1285 2244 1331 2309 vi·

151 2361 262 2428 detur
289 2363 536 2448 usurpavisse
564 2363 750 2429 licentiam
760 2354 799 2446 3).

150 2512 320 2519 ——-
333 2513 356 2518 -.-

150 2581 192 2639 eii
214 2581 429 2657 cripcaduaquc
453 2587 485 2639 ut
507 2587 533 2640 ct
553 2581 582 2639 ei
603 2581 674 2657 quid
694 2581 818 2640 scaenici
838 2587 889 2639 oct
906 2580 1011 2656 rpstr'ci
1025 2580 1162 2638 derectum
1181 2579 1252 2637 olim
1271 2599 1336 2639 rca-

151 2684 302 2762 dr'diasent,
325 2684 489 2759 auferretur
511 2685 696 2760 ereptarum,
720 2684 835 2760 palaredo
856 2684 903 2742 r'lh'
918 2683 1012 2760 pretio
1045 2683 1197 2757 ubarrmpto
1230 2683 1337 2741 soluere

152 2787 310 2863 acquirent.

256 2903 279 2983 ¹)
303 2906 361 2964 ofr.
385 2924 452 2964 curu
486 2905 536 2963 elii
571 2913 635 2962 tum
659 2907 788 2963 maxime
809 2905 898 2964 Fabia
920 2924 948 2981 p.
972 2906 1020 2973 98,
1048 2903 1204 2975 Woelfflin,
1227 2903 1336 2980 Comp.

152 3027 182 3084 p.
205 3009 245 3066 24
272 3026 336 3084 sqq.

255 3127 279 3198 ²)
303 3127 418 3186 Sufficit
449 3127 580 3202 prolerre
607 3121 742 3206 ἐφήμεροι
763 3122 812 3188 καὶ
834 3120 982 3207 σατυρικοὶ
1004 3134 1064 3195 τοῖς
1085 3125 1157 3207 βίοις
1180 3119 1337 3206 ἅνθρωποι

152 3239 183 3289 et
206 3230 296 3288 isdem
321 3248 386 3304 erpo
410 3229 504 3287 olicae
520 3229 805 3305 conplementum
819 3247 873 3286 erro
885 3228 1088 3304 prodcpcrcnt;
1112 3236 1265 3302 praeterea
1283 3227 1338 3289 τοῦ

152 3329 183 3395 δὲ
204 3326 429 3413 πράγματος-
452 3326 575 3401 πολλούς
597 3349 666 3390 cum
688 3349 795 3389 rovum
818 3332 911 3405 officii
930 3349 1023 3405 pertus
1044 3335 1069 3387 ct
1091 3330 1203 3387 orribile
1224 3348 1258 3386 oc
1279 3347 1337 3386 αα-

153 3453 233 3493 mcro
255 3452 407 3492 oacroemu
432 3440 680 3510 comparaverunt
702 3432 794 3490 Wolff
814 3435 843 3491 in
866 3433 1056 3491 adnotatione
1079 3440 1109 3490 et
1132 3432 1218 3489 Fabia
1241 3450 1270 3507 p.
1294 3433 1336 3490 98

152 3537 220 3596 adn.
244 3537 271 3608 2,
294 3536 340 3594 cui
363 3554 424 3594 non
447 3544 527 3595 recte
550 3537 725 3594 adversatur
748 3534 847 3610 Groag
869 3554 897 3611 p.
923 3535 980 3594 741
1005 3535 1074 3592 adn.
1097 3537 1126 3594 3.
1161 3532 1242 3606 Quae
1266 3552 1337 3592 cum

153 3639 195 3697 ita
218 3639 287 3710 sint,
310 3640 421 3696 frustra
444 3639 515 3697 haec
537 3637 635 3714 Groag
651 3657 678 3714 p.
696 3640 766 3710 741,
790 3643 824 3695 ut
847 3638 930 3710 solet,
959 3638 1084 3695 diversis
1113 3636 1245 3695 vindicat
1269 3637 1335 3693 ion·

154 3741 243 3800 tibus.
287 3741 324 3799 Et
357 3741 655 3800 animadvertendum
689 3747 736 3798 est
769 3758 807 3798 ne
840 3737 957 3814 Groagii
992 3739 1111 3815 quidem
1139 3739 1338 3814 explicatione

154 3843 359 3918 neglegentiae
381 3843 495 3901 absolvi
520 3842 663 3915 Tacitum,
687 3848 721 3901 ut
744 3842 795 3918 qui
817 3843 884 3900 eius
907 3842 1014 3900 iudicio
1038 3841 1069 3898 in
1092 3841 1263 3899 auctoribus
1282 3840 1337 3899 eli-

152 3945 259 4021 gendis
282 3945 337 4003 hoo
360 3945 424 4002 loco
448 3962 551 4020 parum
578 3944 748 4018 diligentiae
770 3943 947 4002 adhibuerit.

257 4065 282 4140 ³)
306 4064 385 4122 Bene
408 4063 575 4122 Mommsen
606 4063 643 4121 de
666 4063 767 4122 Tacito
790 4082 819 4139 p.
842 4065 917 4122 309:
952 4063 1020 4121 »Die
1042 4062 1154 4120 Farben
1178 4062 1230 4120 dee
1263 4066 1338 4121 letz-

154 4175 237 4226 tercn
259 4166 328 4225 sind
350 4166 461 4224 lebhait
484 4183 593 4240 genug,
616 4166 686 4223 aber
707 4166 754 4224 die
776 4165 949 4239 Zeichuung
971 4165 1151 4223 fehlerhait.»
1175 4198 1214 4206 -
1240 4164 1283 4222 De
1307 4184 1337 4223 v.

157 4271 195 4328 16
219 4287 284 4345 sqq.
308 4269 364 4326 vid.
387 4268 475 4326 Fabia
498 4286 525 4343 p.
551 4269 599 4326 99.
