<?xml version="1.0" encoding="UTF-8"?>
<!DOCTYPE html PUBLIC "-//W3C//DTD XHTML 1.0 Transitional//EN"
    "http://www.w3.org/TR/xhtml1/DTD/xhtml1-transitional.dtd">
<html xmlns="http://www.w3.org/1999/xhtml" xml:lang="en" lang="en">
 <head>
  <title>
</title>
<meta http-equiv="Content-Type" content="text/html;charset=utf-8" />
  <meta name='ocr-system' content='tesseract 3.04.00' />
  <meta name='ocr-capabilities' content='ocr_page ocr_carea ocr_par ocr_line ocrx_word'/>
</head>
<body>
  <div class='ocr_page' id='page_1' title='image "./deplutarchoetta00boregoog_0038.png"; bbox 0 0 2978 4800; ppageno 0'>
   <div class='ocr_carea' id='block_1_1' title="bbox 1201 232 1288 278">
    <p class='ocr_par' dir='ltr' id='par_1_1' title="bbox 1201 232 1288 278">
     <span class='ocr_line' id='line_1_1' title="bbox 1201 232 1288 278; baseline -0.011 0"><span class='ocrx_word' id='word_1_1' title='bbox 1201 232 1288 278; x_wconf 90' lang='lat' dir='ltr'>XXIX</span> 
     </span>
    </p>
   </div>
   <div class='ocr_carea' id='block_1_2' title="bbox 148 410 1340 2406">
    <p class='ocr_par' dir='ltr' id='par_1_2' title="bbox 148 410 1335 1094">
     <span class='ocr_line' id='line_1_2' title="bbox 148 410 1333 494; baseline 0.001 -20"><span class='ocrx_word' id='word_1_2' title='bbox 148 414 192 475; x_wconf 91' lang='lat' dir='ltr'>ut</span> <span class='ocrx_word' id='word_1_3' title='bbox 229 410 309 476; x_wconf 90' lang='lat' dir='ltr'>eius</span> <span class='ocrx_word' id='word_1_4' title='bbox 348 410 446 476; x_wconf 90' lang='lat' dir='ltr'>modi</span> <span class='ocrx_word' id='word_1_5' title='bbox 484 413 634 494; x_wconf 89' lang='lat' dir='ltr'>tamque</span> <span class='ocrx_word' id='word_1_6' title='bbox 668 411 850 494; x_wconf 82' lang='lat' dir='ltr'>parvulae</span> <span class='ocrx_word' id='word_1_7' title='bbox 878 430 938 476; x_wconf 91' lang='lat' dir='ltr'>res</span> <span class='ocrx_word' id='word_1_8' title='bbox 968 429 1014 475; x_wconf 85' lang='lat' dir='ltr'>ex</span> <span class='ocrx_word' id='word_1_9' title='bbox 1043 415 1194 476; x_wconf 89' lang='lat' dir='ltr'>auctore</span> <span class='ocrx_word' id='word_1_10' title='bbox 1224 414 1333 476; x_wconf 89' lang='lat' dir='ltr'>antea</span> 
     </span>
     <span class='ocr_line' id='line_1_3' title="bbox 149 529 1334 614; baseline 0.001 -20"><span class='ocrx_word' id='word_1_11' title='bbox 149 529 304 595; x_wconf 89' lang='lat' dir='ltr'>evoluto</span> <span class='ocrx_word' id='word_1_12' title='bbox 346 529 384 595; x_wconf 89' lang='lat' dir='ltr'>in</span> <span class='ocrx_word' id='word_1_13' title='bbox 424 531 678 596; x_wconf 83' lang='lat' dir='ltr'>narrationem</span> <span class='ocrx_word' id='word_1_14' title='bbox 720 531 894 614; x_wconf 87' lang='lat' dir='ltr'>quamvis</span> <span class='ocrx_word' id='word_1_15' title='bbox 935 531 1086 596; x_wconf 90' lang='lat' dir='ltr'>omnino</span> <span class='ocrx_word' id='word_1_16' title='bbox 1126 531 1172 595; x_wconf 91' lang='lat' dir='ltr'>de</span> <span class='ocrx_word' id='word_1_17' title='bbox 1208 530 1334 596; x_wconf 93' lang='lat' dir='ltr'>Tacito</span> 
     </span>
     <span class='ocr_line' id='line_1_4' title="bbox 149 649 1335 735; baseline 0.001 -21"><span class='ocrx_word' id='word_1_18' title='bbox 149 650 326 716; x_wconf 79' lang='lat' dir='ltr'>haustam</span> <span class='ocrx_word' id='word_1_19' title='bbox 355 649 470 735; x_wconf 89' lang='lat' dir='ltr'>paulo</span> <span class='ocrx_word' id='word_1_20' title='bbox 498 651 650 734; x_wconf 91' lang='lat' dir='ltr'>saepius</span> <span class='ocrx_word' id='word_1_21' title='bbox 678 650 907 734; x_wconf 83' lang='lat' dir='ltr'>irrepserint,</span> <span class='ocrx_word' id='word_1_22' title='bbox 936 650 1045 715; x_wconf 92' lang='lat' dir='ltr'>etiam</span> <span class='ocrx_word' id='word_1_23' title='bbox 1076 651 1224 735; x_wconf 89' lang='lat' dir='ltr'>siquae</span> <span class='ocrx_word' id='word_1_24' title='bbox 1246 650 1335 717; x_wconf 84' lang='lat' dir='ltr'>Sue-</span> 
     </span>
     <span class='ocr_line' id='line_1_5' title="bbox 149 769 1331 856; baseline 0 -20"><span class='ocrx_word' id='word_1_25' title='bbox 149 770 244 836; x_wconf 90' lang='lat' dir='ltr'>tonii</span> <span class='ocrx_word' id='word_1_26' title='bbox 285 789 357 853; x_wconf 94' lang='lat' dir='ltr'>ope</span> <span class='ocrx_word' id='word_1_27' title='bbox 398 769 621 856; x_wconf 83' lang='lat' dir='ltr'>investigari</span> <span class='ocrx_word' id='word_1_28' title='bbox 658 773 858 855; x_wconf 88' lang='lat' dir='ltr'>nequeant.</span> <span class='ocrx_word' id='word_1_29' title='bbox 918 769 991 836; x_wconf 82' lang='lat' dir='ltr'>Sed</span> <span class='ocrx_word' id='word_1_30' title='bbox 1027 771 1098 836; x_wconf 93' lang='lat' dir='ltr'>hoc</span> <span class='ocrx_word' id='word_1_31' title='bbox 1135 790 1230 855; x_wconf 91' lang='lat' dir='ltr'>opus</span> <span class='ocrx_word' id='word_1_32' title='bbox 1259 789 1331 836; x_wconf 93' lang='lat' dir='ltr'>non</span> 
     </span>
     <span class='ocr_line' id='line_1_6' title="bbox 150 889 1335 975; baseline 0.001 -20"><span class='ocrx_word' id='word_1_33' title='bbox 150 889 223 955; x_wconf 89' lang='lat' dir='ltr'>erit</span> <span class='ocrx_word' id='word_1_34' title='bbox 250 908 480 974; x_wconf 90' lang='lat' dir='ltr'>unoquoque</span> <span class='ocrx_word' id='word_1_35' title='bbox 516 889 596 955; x_wconf 94' lang='lat' dir='ltr'>loco</span> <span class='ocrx_word' id='word_1_36' title='bbox 624 893 806 973; x_wconf 90' lang='lat' dir='ltr'>repetere,</span> <span class='ocrx_word' id='word_1_37' title='bbox 836 890 1013 975; x_wconf 91' lang='lat' dir='ltr'>quoniam</span> <span class='ocrx_word' id='word_1_38' title='bbox 1033 891 1233 957; x_wconf 88' lang='lat' dir='ltr'>maximam</span> <span class='ocrx_word' id='word_1_39' title='bbox 1252 910 1335 974; x_wconf 91' lang='lat' dir='ltr'>par·</span> 
     </span>
     <span class='ocr_line' id='line_1_7' title="bbox 152 1008 1333 1094; baseline 0 -21"><span class='ocrx_word' id='word_1_40' title='bbox 152 1012 227 1074; x_wconf 92' lang='lat' dir='ltr'>tem</span> <span class='ocrx_word' id='word_1_41' title='bbox 255 1008 371 1074; x_wconf 93' lang='lat' dir='ltr'>nihilo</span> <span class='ocrx_word' id='word_1_42' title='bbox 400 1009 515 1074; x_wconf 91' lang='lat' dir='ltr'>setius</span> <span class='ocrx_word' id='word_1_43' title='bbox 536 1028 557 1074; x_wconf 88' lang='lat' dir='ltr'>a</span> <span class='ocrx_word' id='word_1_44' title='bbox 577 1008 703 1075; x_wconf 90' lang='lat' dir='ltr'>Tacito</span> <span class='ocrx_word' id='word_1_45' title='bbox 723 1013 940 1076; x_wconf 89' lang='lat' dir='ltr'>convertere</span> <span class='ocrx_word' id='word_1_46' title='bbox 960 1010 1082 1094; x_wconf 90' lang='lat' dir='ltr'>potuit</span> <span class='ocrx_word' id='word_1_47' title='bbox 1099 1010 1333 1076; x_wconf 76' lang='lat' dir='ltr'>Plutarchus,</span> 
     </span>
    </p>

    <p class='ocr_par' dir='ltr' id='par_1_3' title="bbox 150 1127 1340 2406">
     <span class='ocr_line' id='line_1_8' title="bbox 258 1127 1335 1215; baseline 0.001 -21"><span class='ocrx_word' id='word_1_48' title='bbox 258 1127 403 1204; x_wconf 83' lang='lat' dir='ltr'>Quibus</span> <span class='ocrx_word' id='word_1_49' title='bbox 433 1128 479 1194; x_wconf 90' lang='lat' dir='ltr'>de</span> <span class='ocrx_word' id='word_1_50' title='bbox 507 1128 630 1194; x_wconf 89' lang='lat' dir='ltr'>causis</span> <span class='ocrx_word' id='word_1_51' title='bbox 657 1148 728 1215; x_wconf 84' lang='lat' dir='ltr'>ego</span> <span class='ocrx_word' id='word_1_52' title='bbox 748 1129 800 1195; x_wconf 91' lang='lat' dir='ltr'>sic</span> <span class='ocrx_word' id='word_1_53' title='bbox 819 1133 955 1207; x_wconf 91' lang='lat' dir='ltr'>statuo,</span> <span class='ocrx_word' id='word_1_54' title='bbox 976 1129 1226 1207; x_wconf 84' lang='lat' dir='ltr'>Plutarchum,</span> <span class='ocrx_word' id='word_1_55' title='bbox 1245 1148 1335 1214; x_wconf 90' lang='lat' dir='ltr'>quo·</span> 
     </span>
     <span class='ocr_line' id='line_1_9' title="bbox 150 1248 1336 1334; baseline 0 -20"><span class='ocrx_word' id='word_1_56' title='bbox 150 1249 249 1314; x_wconf 86' lang='lat' dir='ltr'>tiens</span> <span class='ocrx_word' id='word_1_57' title='bbox 287 1248 461 1334; x_wconf 86' lang='lat' dir='ltr'>congruit</span> <span class='ocrx_word' id='word_1_58' title='bbox 479 1267 561 1314; x_wconf 91' lang='lat' dir='ltr'>cum</span> <span class='ocrx_word' id='word_1_59' title='bbox 591 1249 729 1327; x_wconf 77' lang='lat' dir='ltr'>Tacite,</span> <span class='ocrx_word' id='word_1_60' title='bbox 759 1249 979 1334; x_wconf 90' lang='lat' dir='ltr'>plerumque</span> <span class='ocrx_word' id='word_1_61' title='bbox 1017 1269 1061 1314; x_wconf 91' lang='lat' dir='ltr'>eo</span> <span class='ocrx_word' id='word_1_62' title='bbox 1096 1253 1190 1334; x_wconf 92' lang='lat' dir='ltr'>ipso,</span> <span class='ocrx_word' id='word_1_63' title='bbox 1227 1250 1336 1316; x_wconf 91' lang='lat' dir='ltr'>inter-</span> 
     </span>
     <span class='ocr_line' id='line_1_10' title="bbox 150 1367 1336 1454; baseline 0 -20"><span class='ocrx_word' id='word_1_64' title='bbox 150 1368 242 1434; x_wconf 89' lang='lat' dir='ltr'>dum</span> <span class='ocrx_word' id='word_1_65' title='bbox 272 1367 373 1434; x_wconf 86' lang='lat' dir='ltr'>fonte</span> <span class='ocrx_word' id='word_1_66' title='bbox 402 1369 482 1434; x_wconf 90' lang='lat' dir='ltr'>eius</span> <span class='ocrx_word' id='word_1_67' title='bbox 511 1388 593 1435; x_wconf 90' lang='lat' dir='ltr'>esse</span> <span class='ocrx_word' id='word_1_68' title='bbox 622 1388 742 1434; x_wconf 91' lang='lat' dir='ltr'>usum.</span> <span class='ocrx_word' id='word_1_69' title='bbox 786 1370 910 1454; x_wconf 83' lang='lat' dir='ltr'>Atque</span> <span class='ocrx_word' id='word_1_70' title='bbox 938 1369 1098 1436; x_wconf 92' lang='lat' dir='ltr'>utillud</span> <span class='ocrx_word' id='word_1_71' title='bbox 1129 1370 1336 1435; x_wconf 89' lang='lat' dir='ltr'>accuratius</span> 
     </span>
     <span class='ocr_line' id='line_1_11' title="bbox 152 1487 1337 1573; baseline 0.001 -20"><span class='ocrx_word' id='word_1_72' title='bbox 152 1487 271 1573; x_wconf 88' lang='lat' dir='ltr'>paulo</span> <span class='ocrx_word' id='word_1_73' title='bbox 313 1487 504 1573; x_wconf 85' lang='lat' dir='ltr'>explicem,</span> <span class='ocrx_word' id='word_1_74' title='bbox 542 1489 580 1553; x_wconf 92' lang='lat' dir='ltr'>in</span> <span class='ocrx_word' id='word_1_75' title='bbox 619 1489 662 1556; x_wconf 83' lang='lat' dir='ltr'>G.</span> <span class='ocrx_word' id='word_1_76' title='bbox 701 1490 822 1555; x_wconf 90' lang='grc'><strong>1-21</strong></span> <span class='ocrx_word' id='word_1_77' title='bbox 854 1490 1017 1555; x_wconf 86' lang='lat' dir='ltr'>maxima</span> <span class='ocrx_word' id='word_1_78' title='bbox 1045 1508 1091 1555; x_wconf 85' lang='lat' dir='ltr'>ex</span> <span class='ocrx_word' id='word_1_79' title='bbox 1119 1494 1225 1573; x_wconf 89' lang='lat' dir='ltr'>parte</span> <span class='ocrx_word' id='word_1_80' title='bbox 1256 1508 1337 1554; x_wconf 90' lang='lat' dir='ltr'>auc-</span> 
     </span>
     <span class='ocr_line' id='line_1_12' title="bbox 157 1609 1337 1694; baseline 0 -20"><span class='ocrx_word' id='word_1_81' title='bbox 157 1612 279 1674; x_wconf 86' lang='lat' dir='ltr'>torem</span> <span class='ocrx_word' id='word_1_82' title='bbox 307 1626 539 1674; x_wconf 91' lang='lat' dir='ltr'>communem</span> <span class='ocrx_word' id='word_1_83' title='bbox 568 1615 716 1676; x_wconf 89' lang='lat' dir='ltr'>secutus</span> <span class='ocrx_word' id='word_1_84' title='bbox 746 1609 911 1689; x_wconf 90' lang='lat' dir='ltr'>videtur;</span> <span class='ocrx_word' id='word_1_85' title='bbox 942 1609 1126 1694; x_wconf 90' lang='lat' dir='ltr'>quasdam</span> <span class='ocrx_word' id='word_1_86' title='bbox 1147 1614 1271 1675; x_wconf 89' lang='lat' dir='ltr'>tamen</span> <span class='ocrx_word' id='word_1_87' title='bbox 1291 1628 1337 1674; x_wconf 88' lang='lat' dir='ltr'>ex</span> 
     </span>
     <span class='ocr_line' id='line_1_13' title="bbox 155 1721 1338 1815; baseline 0.002 -22"><span class='ocrx_word' id='word_1_88' title='bbox 155 1727 335 1794; x_wconf 88' lang='lat' dir='ltr'>Historiis</span> <span class='ocrx_word' id='word_1_89' title='bbox 375 1727 435 1793; x_wconf 90' lang='lat' dir='ltr'>vel</span> <span class='ocrx_word' id='word_1_90' title='bbox 469 1729 771 1795; x_wconf 85' lang='lat' dir='ltr'>narratiunculas</span> <span class='ocrx_word' id='word_1_91' title='bbox 799 1729 1030 1796; x_wconf 85' lang='lat' dir='ltr'>convertisse</span> <span class='ocrx_word' id='word_1_92' title='bbox 1045 1721 1071 1815; x_wconf 86' lang='lat'>1)</span> <span class='ocrx_word' id='word_1_93' title='bbox 1100 1729 1338 1796; x_wconf 77' lang='grc'><strong>1111111111-</strong></span> 
     </span>
     <span class='ocr_line' id='line_1_14' title="bbox 157 1847 1338 1934; baseline 0.003 -22"><span class='ocrx_word' id='word_1_94' title='bbox 157 1865 228 1912; x_wconf 91' lang='lat' dir='ltr'>nes</span> <span class='ocrx_word' id='word_1_95' title='bbox 268 1866 351 1913; x_wconf 90' lang='lat' dir='ltr'>esse</span> <span class='ocrx_word' id='word_1_96' title='bbox 391 1847 621 1915; x_wconf 88' lang='lat' dir='ltr'>recordatus.</span> <span class='ocrx_word' id='word_1_97' title='bbox 685 1848 759 1916; x_wconf 86' lang='lat' dir='ltr'>Sed</span> <span class='ocrx_word' id='word_1_98' title='bbox 802 1850 1026 1934; x_wconf 86' lang='lat' dir='ltr'>simulatque</span> <span class='ocrx_word' id='word_1_99' title='bbox 1068 1849 1114 1915; x_wconf 90' lang='lat' dir='ltr'>ad</span> <span class='ocrx_word' id='word_1_100' title='bbox 1156 1849 1338 1915; x_wconf 85' lang='lat' dir='ltr'>kalendas</span> 
     </span>
     <span class='ocr_line' id='line_1_15' title="bbox 158 1967 1339 2053; baseline 0.002 -21"><span class='ocrx_word' id='word_1_101' title='bbox 158 1967 359 2033; x_wconf 89' lang='lat' dir='ltr'>Ianuarias</span> <span class='ocrx_word' id='word_1_102' title='bbox 396 1968 484 2033; x_wconf 89' lang='lat' dir='ltr'>anni</span> <span class='ocrx_word' id='word_1_103' title='bbox 527 1968 575 2034; x_wconf 83' lang='grc'>69</span> <span class='ocrx_word' id='word_1_104' title='bbox 609 1970 721 2045; x_wconf 88' lang='lat' dir='ltr'>venit,</span> <span class='ocrx_word' id='word_1_105' title='bbox 761 1969 862 2035; x_wconf 91' lang='lat' dir='ltr'>unde</span> <span class='ocrx_word' id='word_1_106' title='bbox 899 1970 1020 2053; x_wconf 92' lang='lat' dir='ltr'>coepit</span> <span class='ocrx_word' id='word_1_107' title='bbox 1057 1969 1216 2046; x_wconf 87' lang='lat' dir='ltr'>Tacitus,</span> <span class='ocrx_word' id='word_1_108' title='bbox 1253 1969 1339 2034; x_wconf 91' lang='lat' dir='ltr'>huic</span> 
     </span>
     <span class='ocr_line' id='line_1_16' title="bbox 158 2078 1340 2172; baseline 0.002 -19"><span class='ocrx_word' id='word_1_109' title='bbox 158 2106 200 2153; x_wconf 93' lang='lat' dir='ltr'>se</span> <span class='ocrx_word' id='word_1_110' title='bbox 243 2086 387 2153; x_wconf 84' lang='lat' dir='ltr'>addixit</span> <span class='ocrx_word' id='word_1_111' title='bbox 401 2078 444 2171; x_wconf 75' lang='lat'>2);</span> <span class='ocrx_word' id='word_1_112' title='bbox 486 2088 644 2172; x_wconf 88' lang='lat' dir='ltr'>posthac</span> <span class='ocrx_word' id='word_1_113' title='bbox 692 2094 757 2154; x_wconf 90' lang='lat' dir='ltr'>aut</span> <span class='ocrx_word' id='word_1_114' title='bbox 797 2090 896 2155; x_wconf 93' lang='lat' dir='ltr'>solas</span> <span class='ocrx_word' id='word_1_115' title='bbox 935 2095 999 2154; x_wconf 90' lang='lat' dir='ltr'>aut</span> <span class='ocrx_word' id='word_1_116' title='bbox 1027 2090 1186 2154; x_wconf 84' lang='lat' dir='ltr'>maxime</span> <span class='ocrx_word' id='word_1_117' title='bbox 1216 2088 1340 2155; x_wconf 91' lang='lat' dir='ltr'>Histo-</span> 
     </span>
     <span class='ocr_line' id='line_1_17' title="bbox 155 2207 1336 2293; baseline 0.002 -20"><span class='ocrx_word' id='word_1_118' title='bbox 155 2207 236 2274; x_wconf 87' lang='lat' dir='ltr'>rias</span> <span class='ocrx_word' id='word_1_119' title='bbox 277 2207 457 2292; x_wconf 90' lang='lat' dir='ltr'>seqnitur.</span> <span class='ocrx_word' id='word_1_120' title='bbox 514 2207 564 2274; x_wconf 86' lang='lat' dir='ltr'>Et</span> <span class='ocrx_word' id='word_1_121' title='bbox 604 2209 781 2293; x_wconf 92' lang='lat' dir='ltr'>quoniam</span> <span class='ocrx_word' id='word_1_122' title='bbox 822 2210 860 2275; x_wconf 92' lang='lat' dir='ltr'>in</span> <span class='ocrx_word' id='word_1_123' title='bbox 904 2209 947 2276; x_wconf 86' lang='lat' dir='ltr'>G.</span> <span class='ocrx_word' id='word_1_124' title='bbox 990 2210 1052 2275; x_wconf 95' lang='grc'>22.</span> <span class='ocrx_word' id='word_1_125' title='bbox 1087 2209 1149 2275; x_wconf 88' lang='grc'>23.</span> <span class='ocrx_word' id='word_1_126' title='bbox 1184 2209 1245 2274; x_wconf 88' lang='grc'>24.</span> <span class='ocrx_word' id='word_1_127' title='bbox 1276 2209 1336 2275; x_wconf 85' lang='grc'>25.</span> 
     </span>
     <span class='ocr_line' id='line_1_18' title="bbox 156 2326 1337 2406; baseline 0.001 -14"><span class='ocrx_word' id='word_1_128' title='bbox 156 2326 221 2394; x_wconf 92' lang='grc'>26.</span> <span class='ocrx_word' id='word_1_129' title='bbox 261 2326 321 2392; x_wconf 91' lang='grc'>27.</span> <span class='ocrx_word' id='word_1_130' title='bbox 359 2327 536 2405; x_wconf 83' lang='grc'><strong>28,1-6.</strong></span> <span class='ocrx_word' id='word_1_131' title='bbox 592 2328 635 2395; x_wconf 87' lang='grc' dir='ltr'>Ο.</span> <span class='ocrx_word' id='word_1_132' title='bbox 676 2330 708 2394; x_wconf 95' lang='grc'>1.</span> <span class='ocrx_word' id='word_1_133' title='bbox 747 2329 782 2395; x_wconf 89' lang='grc'>3.</span> <span class='ocrx_word' id='word_1_134' title='bbox 821 2331 855 2394; x_wconf 89' lang='grc'>4.</span> <span class='ocrx_word' id='word_1_135' title='bbox 886 2331 921 2396; x_wconf 84' lang='grc'>5.</span> <span class='ocrx_word' id='word_1_136' title='bbox 952 2329 985 2395; x_wconf 89' lang='grc'>6.</span> <span class='ocrx_word' id='word_1_137' title='bbox 1016 2331 1050 2395; x_wconf 94' lang='grc'>7.</span> <span class='ocrx_word' id='word_1_138' title='bbox 1082 2329 1337 2406; x_wconf 83' lang='grc'><strong>8.9,14-32.</strong></span> 
     </span>
    </p>
   </div>
   <div class='ocr_carea' id='block_1_3' title="bbox 154 2441 1342 2995">
    <p class='ocr_par' dir='ltr' id='par_1_4' title="bbox 154 2441 1342 2995">
     <span class='ocr_line' id='line_1_19' title="bbox 161 2441 1339 2534; baseline 0.002 -22"><span class='ocrx_word' id='word_1_139' title='bbox 161 2447 343 2524; x_wconf 84' lang='grc'><strong>11,1-1.</strong></span> <span class='ocrx_word' id='word_1_140' title='bbox 375 2447 434 2513; x_wconf 89' lang='lat'>11.</span> <span class='ocrx_word' id='word_1_141' title='bbox 467 2448 525 2513; x_wconf 84' lang='lat'>12.</span> <span class='ocrx_word' id='word_1_142' title='bbox 558 2448 728 2531; x_wconf 83' lang='grc'><strong>13,1-1.</strong></span> <span class='ocrx_word' id='word_1_143' title='bbox 745 2441 771 2534; x_wconf 83' lang='grc'>3)</span> <span class='ocrx_word' id='word_1_144' title='bbox 804 2451 863 2515; x_wconf 83' lang='lat'>15.</span> <span class='ocrx_word' id='word_1_145' title='bbox 896 2449 954 2515; x_wconf 84' lang='grc'>16.</span> <span class='ocrx_word' id='word_1_146' title='bbox 988 2451 1046 2527; x_wconf 84' lang='lat'>17,</span> <span class='ocrx_word' id='word_1_147' title='bbox 1063 2460 1192 2518; x_wconf 80' lang='lat' dir='ltr'>ac-ae</span> <span class='ocrx_word' id='word_1_148' title='bbox 1219 2467 1339 2533; x_wconf 85' lang='lat' dir='ltr'>pauca</span> 
     </span>
     <span class='ocr_line' id='line_1_20' title="bbox 162 2565 1340 2653; baseline 0.002 -22"><span class='ocrx_word' id='word_1_149' title='bbox 162 2565 366 2632; x_wconf 87' lang='lat' dir='ltr'>admodum</span> <span class='ocrx_word' id='word_1_150' title='bbox 404 2566 553 2633; x_wconf 90' lang='lat' dir='ltr'>aliunde</span> <span class='ocrx_word' id='word_1_151' title='bbox 591 2568 785 2634; x_wconf 82' lang='lat' dir='ltr'>fluxerunt</span> <span class='ocrx_word' id='word_1_152' title='bbox 817 2588 939 2652; x_wconf 91' lang='lat' dir='ltr'>neque</span> <span class='ocrx_word' id='word_1_153' title='bbox 966 2571 1004 2634; x_wconf 91' lang='lat' dir='ltr'>in</span> <span class='ocrx_word' id='word_1_154' title='bbox 1032 2568 1185 2653; x_wconf 91' lang='lat' dir='ltr'>reliquis</span> <span class='ocrx_word' id='word_1_155' title='bbox 1215 2569 1340 2653; x_wconf 87' lang='lat' dir='ltr'>capiti·</span> 
     </span>
     <span class='ocr_line' id='line_1_21' title="bbox 160 2685 1341 2773; baseline 0.002 -22"><span class='ocrx_word' id='word_1_156' title='bbox 160 2685 233 2751; x_wconf 90' lang='lat' dir='ltr'>bus</span> <span class='ocrx_word' id='word_1_157' title='bbox 270 2687 431 2773; x_wconf 83' lang='lat' dir='ltr'>vestigia</span> <span class='ocrx_word' id='word_1_158' title='bbox 468 2687 584 2754; x_wconf 90' lang='lat' dir='ltr'>Taciti</span> <span class='ocrx_word' id='word_1_159' title='bbox 621 2687 768 2766; x_wconf 89' lang='lat' dir='ltr'>desunt,</span> <span class='ocrx_word' id='word_1_160' title='bbox 798 2707 886 2754; x_wconf 89' lang='lat' dir='ltr'>vere</span> <span class='ocrx_word' id='word_1_161' title='bbox 928 2687 1117 2754; x_wconf 88' lang='lat' dir='ltr'>Historiae</span> <span class='ocrx_word' id='word_1_162' title='bbox 1159 2688 1231 2753; x_wconf 91' lang='lat' dir='ltr'>dici</span> <span class='ocrx_word' id='word_1_163' title='bbox 1258 2707 1341 2772; x_wconf 91' lang='lat' dir='ltr'>pos-</span> 
     </span>
     <span class='ocr_line' id='line_1_22' title="bbox 157 2799 1342 2893; baseline 0.002 -22"><span class='ocrx_word' id='word_1_164' title='bbox 157 2810 249 2872; x_wconf 89' lang='lat' dir='ltr'>sunt</span> <span class='ocrx_word' id='word_1_165' title='bbox 266 2806 429 2872; x_wconf 88' lang='lat' dir='ltr'>vitarum</span> <span class='ocrx_word' id='word_1_166' title='bbox 450 2806 757 2874; x_wconf 89' lang='lat' dir='ltr'>Plutarohearum</span> <span class='ocrx_word' id='word_1_167' title='bbox 777 2809 885 2893; x_wconf 87' lang='lat' dir='ltr'>quasi</span> <span class='ocrx_word' id='word_1_168' title='bbox 909 2808 1193 2874; x_wconf 83' lang='lat' dir='ltr'>fundamentum</span> <span class='ocrx_word' id='word_1_169' title='bbox 1207 2799 1247 2893; x_wconf 78' lang='grc'>4).</span> <span class='ocrx_word' id='word_1_170' title='bbox 1280 2806 1342 2874; x_wconf 86' lang='lat' dir='ltr'>Se-</span> 
     </span>
     <span class='ocr_line' id='line_1_23' title="bbox 154 2926 1342 2995; baseline 0.001 -3"><span class='ocrx_word' id='word_1_171' title='bbox 154 2926 340 2992; x_wconf 77' lang='grc'><strong>11111111</strong></span> <span class='ocrx_word' id='word_1_172' title='bbox 378 2930 502 2993; x_wconf 89' lang='lat' dir='ltr'>autem</span> <span class='ocrx_word' id='word_1_173' title='bbox 539 2927 640 2994; x_wconf 79' lang='lat' dir='ltr'>fonte</span> <span class='ocrx_word' id='word_1_174' title='bbox 682 2929 904 2995; x_wconf 88' lang='lat' dir='ltr'>Plutarchus</span> <span class='ocrx_word' id='word_1_175' title='bbox 944 2948 1035 2994; x_wconf 91' lang='lat' dir='ltr'>usus</span> <span class='ocrx_word' id='word_1_176' title='bbox 1070 2934 1126 2995; x_wconf 92' lang='lat' dir='ltr'>est</span> <span class='ocrx_word' id='word_1_177' title='bbox 1157 2929 1342 2994; x_wconf 92' lang='lat' dir='ltr'>communi</span> 
     </span>
    </p>
   </div>
   <div class='ocr_carea' id='block_1_4' title="bbox 154 3129 365 3136">
    <p class='ocr_par' dir='ltr' id='par_1_5' title="bbox 154 3129 365 3136">
     <span class='ocr_line' id='line_1_24' title="bbox 154 3129 365 3136; baseline -0.009 0"><span class='ocrx_word' id='word_1_178' title='bbox 154 3129 365 3136; x_wconf 78' lang='grc'>...-----</span> 
     </span>
    </p>
   </div>
   <div class='ocr_carea' id='block_1_5' title="bbox 155 3266 1341 3446">
    <p class='ocr_par' dir='ltr' id='par_1_6' title="bbox 155 3266 1341 3446">
     <span class='ocr_line' id='line_1_25' title="bbox 156 3266 1341 3339; baseline -0.001 -15"><span class='ocrx_word' id='word_1_179' title='bbox 156 3266 319 3324; x_wconf 78' lang='lat' dir='ltr'>Plutarcho</span> <span class='ocrx_word' id='word_1_180' title='bbox 352 3266 485 3324; x_wconf 85' lang='grc'><strong>1111111111</strong></span> <span class='ocrx_word' id='word_1_181' title='bbox 518 3267 643 3326; x_wconf 75' lang='lat' dir='ltr'>nectare</span> <span class='ocrx_word' id='word_1_182' title='bbox 669 3269 849 3339; x_wconf 86' lang='lat' dir='ltr'>anzuseheu,</span> <span class='ocrx_word' id='word_1_183' title='bbox 874 3270 984 3326; x_wconf 83' lang='lat' dir='ltr'>wieer</span> <span class='ocrx_word' id='word_1_184' title='bbox 1007 3268 1051 3326; x_wconf 84' lang='grc'>111</span> <span class='ocrx_word' id='word_1_185' title='bbox 1074 3269 1165 3325; x_wconf 73' lang='lat' dir='ltr'>litters</span> <span class='ocrx_word' id='word_1_186' title='bbox 1190 3267 1341 3324; x_wconf 84' lang='lat' dir='ltr'>zwischeu</span> 
     </span>
     <span class='ocr_line' id='line_1_26' title="bbox 155 3368 1054 3446; baseline -0.001 -18"><span class='ocrx_word' id='word_1_187' title='bbox 155 3370 216 3428; x_wconf 87' lang='lat' dir='ltr'>den</span> <span class='ocrx_word' id='word_1_188' title='bbox 240 3368 361 3427; x_wconf 84' lang='lat' dir='ltr'>Bericht</span> <span class='ocrx_word' id='word_1_189' title='bbox 384 3369 936 3446; x_wconf 74' lang='grc' dir='ltr'><strong>111111Η1111111111111111111111</strong></span> <span class='ocrx_word' id='word_1_190' title='bbox 959 3371 1054 3429; x_wconf 84' lang='lat' dir='ltr'>liebt».</span> 
     </span>
    </p>
   </div>
   <div class='ocr_carea' id='block_1_6' title="bbox 265 3485 932 3685">
    <p class='ocr_par' dir='ltr' id='par_1_7' title="bbox 265 3485 932 3685">
     <span class='ocr_line' id='line_1_27' title="bbox 265 3485 894 3556; baseline 0 -8"><span class='ocrx_word' id='word_1_191' title='bbox 265 3485 288 3556; x_wconf 83' lang='lat'>¹)</span> <span class='ocrx_word' id='word_1_192' title='bbox 312 3487 370 3548; x_wconf 77' lang='lat' dir='ltr'>cfr.</span> <span class='ocrx_word' id='word_1_193' title='bbox 394 3487 428 3547; x_wconf 85' lang='lat' dir='ltr'>G.</span> <span class='ocrx_word' id='word_1_194' title='bbox 455 3490 492 3546; x_wconf 84' lang='grc'>12</span> <span class='ocrx_word' id='word_1_195' title='bbox 516 3489 553 3547; x_wconf 90' lang='lat' dir='ltr'>de</span> <span class='ocrx_word' id='word_1_196' title='bbox 575 3489 781 3548; x_wconf 85' lang='lat' dir='ltr'>adulescentia</span> <span class='ocrx_word' id='word_1_197' title='bbox 804 3490 894 3548; x_wconf 87' lang='lat' dir='ltr'>Vinii.</span> 
     </span>
     <span class='ocr_line' id='line_1_28' title="bbox 269 3607 932 3685; baseline 0.002 -18"><span class='ocrx_word' id='word_1_198' title='bbox 269 3607 292 3685; x_wconf 84' lang='lat'>²)</span> <span class='ocrx_word' id='word_1_199' title='bbox 315 3607 375 3667; x_wconf 77' lang='lat' dir='ltr'>cfr.</span> <span class='ocrx_word' id='word_1_200' title='bbox 398 3609 475 3666; x_wconf 86' lang='lat' dir='ltr'>infra</span> <span class='ocrx_word' id='word_1_201' title='bbox 497 3627 527 3685; x_wconf 89' lang='lat' dir='ltr'>p.</span> <span class='ocrx_word' id='word_1_202' title='bbox 550 3611 587 3667; x_wconf 89' lang='grc'>21</span> <span class='ocrx_word' id='word_1_203' title='bbox 614 3627 658 3685; x_wconf 87' lang='lat' dir='ltr'>sq.</span> <span class='ocrx_word' id='word_1_204' title='bbox 681 3615 710 3667; x_wconf 87' lang='lat' dir='ltr'>et</span> <span class='ocrx_word' id='word_1_205' title='bbox 734 3609 888 3668; x_wconf 81' lang='grc'><strong>1111111111</strong></span> <span class='ocrx_word' id='word_1_206' title='bbox 910 3610 932 3668; x_wconf 93' lang='grc' dir='ltr'>Ι.</span> 
     </span>
    </p>
   </div>
   <div class='ocr_carea' id='block_1_7' title="bbox 156 3727 1344 4011">
    <p class='ocr_par' dir='ltr' id='par_1_8' title="bbox 156 3727 1344 4011">
     <span class='ocr_line' id='line_1_29' title="bbox 263 3727 1344 3806; baseline 0 -20"><span class='ocrx_word' id='word_1_207' title='bbox 263 3727 288 3804; x_wconf 80' lang='lat'>³)</span> <span class='ocrx_word' id='word_1_208' title='bbox 310 3727 409 3787; x_wconf 90' lang='lat' dir='ltr'>Locus</span> <span class='ocrx_word' id='word_1_209' title='bbox 431 3728 483 3787; x_wconf 89' lang='lat' dir='ltr'>ille</span> <span class='ocrx_word' id='word_1_210' title='bbox 504 3730 533 3787; x_wconf 93' lang='lat' dir='ltr'>in</span> <span class='ocrx_word' id='word_1_211' title='bbox 550 3727 583 3788; x_wconf 89' lang='grc' dir='ltr'>Ο.</span> <span class='ocrx_word' id='word_1_212' title='bbox 602 3732 740 3802; x_wconf 86' lang='grc'><strong>14,1-4,</strong></span> <span class='ocrx_word' id='word_1_213' title='bbox 764 3730 904 3806; x_wconf 89' lang='lat' dir='ltr'>quicquid</span> <span class='ocrx_word' id='word_1_214' title='bbox 919 3730 1054 3805; x_wconf 89' lang='lat' dir='ltr'>loquitur</span> <span class='ocrx_word' id='word_1_215' title='bbox 1068 3728 1158 3788; x_wconf 89' lang='lat' dir='ltr'>Peter</span> <span class='ocrx_word' id='word_1_216' title='bbox 1173 3728 1207 3787; x_wconf 84' lang='lat' dir='ltr'>G.</span> <span class='ocrx_word' id='word_1_217' title='bbox 1222 3729 1256 3786; x_wconf 90' lang='lat' dir='ltr'>L.</span> <span class='ocrx_word' id='word_1_218' title='bbox 1272 3728 1300 3786; x_wconf 89' lang='lat' dir='ltr'>li</span> <span class='ocrx_word' id='word_1_219' title='bbox 1316 3747 1344 3804; x_wconf 87' lang='lat' dir='ltr'>p.</span> 
     </span>
     <span class='ocr_line' id='line_1_30' title="bbox 161 3831 1344 3907; baseline -0.001 -16"><span class='ocrx_word' id='word_1_220' title='bbox 161 3832 237 3905; x_wconf 85' lang='grc'><strong>274,</strong></span> <span class='ocrx_word' id='word_1_221' title='bbox 251 3831 326 3907; x_wconf 91' lang='lat' dir='ltr'>quin</span> <span class='ocrx_word' id='word_1_222' title='bbox 351 3837 440 3890; x_wconf 87' lang='lat' dir='ltr'>etex</span> <span class='ocrx_word' id='word_1_223' title='bbox 462 3831 603 3891; x_wconf 88' lang='lat' dir='ltr'>Historiis</span> <span class='ocrx_word' id='word_1_224' title='bbox 625 3839 655 3891; x_wconf 86' lang='lat' dir='ltr'>et</span> <span class='ocrx_word' id='word_1_225' title='bbox 678 3851 694 3890; x_wconf 93' lang='lat' dir='ltr'>e</span> <span class='ocrx_word' id='word_1_226' title='bbox 717 3834 799 3890; x_wconf 87' lang='lat' dir='ltr'>fonte</span> <span class='ocrx_word' id='word_1_227' title='bbox 822 3833 997 3891; x_wconf 85' lang='lat' dir='ltr'>secundario</span> <span class='ocrx_word' id='word_1_228' title='bbox 1020 3839 1085 3890; x_wconf 88' lang='lat' dir='ltr'>orta</span> <span class='ocrx_word' id='word_1_229' title='bbox 1107 3831 1148 3890; x_wconf 89' lang='lat' dir='ltr'>sit</span> <span class='ocrx_word' id='word_1_230' title='bbox 1170 3831 1274 3907; x_wconf 86' lang='lat' dir='ltr'>proelii</span> <span class='ocrx_word' id='word_1_231' title='bbox 1290 3833 1344 3890; x_wconf 83' lang='lat' dir='ltr'>Bo-</span> 
     </span>
     <span class='ocr_line' id='line_1_31' title="bbox 156 3934 756 4011; baseline -0.002 -18"><span class='ocrx_word' id='word_1_232' title='bbox 156 3934 326 3994; x_wconf 81' lang='lat' dir='ltr'>driacensis</span> <span class='ocrx_word' id='word_1_233' title='bbox 349 3935 519 4011; x_wconf 86' lang='lat' dir='ltr'>descriptio,</span> <span class='ocrx_word' id='word_1_234' title='bbox 542 3953 600 3993; x_wconf 87' lang='lat' dir='ltr'>non</span> <span class='ocrx_word' id='word_1_235' title='bbox 623 3935 756 4010; x_wconf 86' lang='lat' dir='ltr'>impedit.</span> 
     </span>
    </p>
   </div>
   <div class='ocr_carea' id='block_1_8' title="bbox 157 4053 1346 4337">
    <p class='ocr_par' dir='ltr' id='par_1_9' title="bbox 157 4053 1346 4337">
     <span class='ocr_line' id='line_1_32' title="bbox 265 4053 1345 4131; baseline -0.001 -19"><span class='ocrx_word' id='word_1_236' title='bbox 265 4055 292 4122; x_wconf 74' lang='lat'>⁴)</span> <span class='ocrx_word' id='word_1_237' title='bbox 325 4054 434 4113; x_wconf 80' lang='lat' dir='ltr'>Leuius</span> <span class='ocrx_word' id='word_1_238' title='bbox 467 4073 494 4131; x_wconf 92' lang='lat' dir='ltr'>p.</span> <span class='ocrx_word' id='word_1_239' title='bbox 530 4057 591 4114; x_wconf 83' lang='lat'>180</span> <span class='ocrx_word' id='word_1_240' title='bbox 622 4073 665 4131; x_wconf 90' lang='lat' dir='ltr'>sq.</span> <span class='ocrx_word' id='word_1_241' title='bbox 694 4060 724 4112; x_wconf 89' lang='lat' dir='ltr'>et</span> <span class='ocrx_word' id='word_1_242' title='bbox 746 4055 825 4112; x_wconf 87' lang='lat' dir='ltr'>haud</span> <span class='ocrx_word' id='word_1_243' title='bbox 849 4055 910 4113; x_wconf 86' lang='lat' dir='ltr'>scio</span> <span class='ocrx_word' id='word_1_244' title='bbox 942 4074 979 4113; x_wconf 90' lang='lat' dir='ltr'>au</span> <span class='ocrx_word' id='word_1_245' title='bbox 1002 4055 1091 4113; x_wconf 87' lang='lat' dir='ltr'>nimis</span> <span class='ocrx_word' id='word_1_246' title='bbox 1114 4053 1225 4112; x_wconf 86' lang='lat' dir='ltr'>multos</span> <span class='ocrx_word' id='word_1_247' title='bbox 1248 4054 1345 4111; x_wconf 86' lang='lat' dir='ltr'>fontes</span> 
     </span>
     <span class='ocr_line' id='line_1_33' title="bbox 160 4156 1346 4234; baseline -0.003 -19"><span class='ocrx_word' id='word_1_248' title='bbox 160 4157 325 4216; x_wconf 81' lang='lat' dir='ltr'>Plutarcho</span> <span class='ocrx_word' id='word_1_249' title='bbox 347 4157 491 4216; x_wconf 86' lang='lat' dir='ltr'>attribuat</span> <span class='ocrx_word' id='word_1_250' title='bbox 514 4176 610 4234; x_wconf 89' lang='lat' dir='ltr'>neque</span> <span class='ocrx_word' id='word_1_251' title='bbox 632 4160 745 4216; x_wconf 83' lang='lat' dir='ltr'>fontem</span> <span class='ocrx_word' id='word_1_252' title='bbox 768 4158 960 4233; x_wconf 85' lang='lat' dir='ltr'>principalem</span> <span class='ocrx_word' id='word_1_253' title='bbox 984 4159 1074 4216; x_wconf 87' lang='lat' dir='ltr'>audet</span> <span class='ocrx_word' id='word_1_254' title='bbox 1089 4157 1187 4215; x_wconf 88' lang='lat' dir='ltr'>dicere</span> <span class='ocrx_word' id='word_1_255' title='bbox 1203 4156 1346 4214; x_wconf 91' lang='lat' dir='ltr'>Tacitum.</span> 
     </span>
     <span class='ocr_line' id='line_1_34' title="bbox 157 4259 574 4337; baseline -0.002 -18"><span class='ocrx_word' id='word_1_256' title='bbox 157 4259 272 4319; x_wconf 86' lang='lat' dir='ltr'>Melius</span> <span class='ocrx_word' id='word_1_257' title='bbox 298 4259 412 4319; x_wconf 81' lang='lat' dir='ltr'>Krauss</span> <span class='ocrx_word' id='word_1_258' title='bbox 435 4279 463 4336; x_wconf 93' lang='lat' dir='ltr'>p.</span> <span class='ocrx_word' id='word_1_259' title='bbox 487 4263 505 4319; x_wconf 82' lang='lat'>8</span> <span class='ocrx_word' id='word_1_260' title='bbox 529 4278 574 4337; x_wconf 90' lang='lat' dir='ltr'>sq.</span> 
     </span>
    </p>
   </div>
   <div class='ocr_carea' id='block_1_9' title="bbox 0 0 1508 4800">
    <p class='ocr_par' dir='ltr' id='par_1_10' title="bbox 0 0 1508 4800">
     <span class='ocr_line' id='line_1_35' title="bbox 0 0 1508 4800; baseline 0 0"><span class='ocrx_word' id='word_1_261' title='bbox 0 0 1508 4800; x_wconf 95' lang='lat' dir='ltr'> </span> 
     </span>
    </p>
   </div>
  </div>
 </body>
</html>
