2978 4800
1181 267 1230 312 XV

92 440 254 506 maxime
288 461 334 507 ex
366 442 658 526 exquisitissimo
686 448 722 510 et
740 442 1033 528 perpolitissimo
1049 442 1168 528 ipsius
1187 443 1274 508 scri·

95 558 207 626 bendi
241 579 380 646 genere
408 562 646 629 manifestum
675 568 732 630 est
758 582 906 630 summa
932 560 1126 650 diligentia
1154 561 1272 628 verba

92 679 318 764 expendisse
338 685 374 747 et
388 701 693 767 unamquamque
712 700 841 765 vocem
862 688 1053 768 tamquam
1074 683 1122 749 ad
1142 683 1273 748 obrus-

91 818 171 865 sam
208 801 380 887 exegisse
399 793 437 885 1).
493 802 577 889 Ego
611 807 654 870 ut
687 819 890 887 numquam
920 795 1041 869 dicam
1068 821 1193 870 rerum
1220 802 1273 867 in·

91 918 311 1005 dagatorem
351 919 468 987 fuisse
510 922 558 988 ad
599 927 813 990 nostrorum
854 928 1064 1008 temporum
1102 940 1271 988 normam

90 1039 297 1123 perfectum
326 1044 438 1124 atque
477 1040 700 1120 absolutum,
730 1043 781 1109 ita
814 1041 1110 1127 haudquaquam
1139 1041 1273 1128 negari

89 1177 202 1242 posse
243 1177 328 1225 reor
358 1160 398 1226 in
426 1158 574 1227 bomine
603 1161 719 1228 fuisse
747 1162 976 1248 singularem
1007 1161 1080 1226 vim
1109 1160 1270 1247 ingenii;

91 1278 191 1362 quod
234 1283 270 1345 et
309 1279 476 1364 undique
505 1299 524 1346 e
551 1280 657 1347 libris
699 1281 778 1347 eius
819 1281 938 1347 elucet
972 1284 1019 1359 et,
1049 1279 1132 1346 licet
1168 1280 1270 1346 nullo

89 1403 258 1481 tempore
285 1398 473 1466 defuerint
500 1399 769 1467 obtrectatores
788 1393 823 1482 ²²),
850 1400 948 1467 inter
975 1416 1103 1467 omnes
1124 1419 1271 1484 semper

90 1536 231 1602 aequos
274 1519 530 1586 aestimatores
576 1521 750 1587 constitit.
816 1519 917 1597 Quin
958 1539 1032 1586 non
1070 1521 1122 1585 ita
1154 1519 1271 1586 multo

89 1641 176 1703 ante
216 1638 275 1704 vir
315 1639 440 1705 nudae
479 1658 604 1706 rerum
648 1640 851 1727 cognitioni
879 1640 940 1705 vel
971 1640 1079 1706 unice
1107 1638 1269 1718 deditus

88 1757 319 1843 Hippolytus
364 1759 492 1838 Taine,
535 1760 639 1826 cuius
681 1759 990 1845 approbationem
1034 1758 1135 1826 haud
1178 1759 1270 1825 sa'ne

88 1878 229 1944 dixeris
270 1879 444 1946 oratoriis
484 1878 668 1946 illecebris
700 1878 929 1946 eblanditam
964 1898 1032 1945 uec
1059 1880 1268 1945 inveterata

89 1998 264 2082 opinione
292 2004 615 2084 praeoccupatam,
650 2001 708 2065 »si
737 2018 933 2077 munus»,
964 1999 1093 2083 inquit,
1120 1999 1269 2065 »histo-

88 2118 183 2183 riae
225 2121 302 2196 est,
342 2123 390 2183 ut
425 2121 677 2203 praeterita
713 2119 765 2185 ab
801 2119 970 2186 interis
1000 2120 1267 2197 excitentur,

88 2236 268 2304 Tacitus
301 2238 476 2305 invenit
511 2259 658 2324 parem
694 2232 987 2326 neminem›>3).
1044 2239 1103 2305 An
1140 2243 1270 2306 auctor

88 2361 191 2423 tanta
219 2359 413 2442 praeditus
442 2359 580 2426 virtute
609 2360 656 2426 ad
686 2360 805 2426 aliena
828 2361 946 2427 verba
975 2365 1054 2426 arte
1073 2378 1113 2425 se
1134 2334 1290 2426 astrin-¹

86 2496 176 2563 gere
203 2478 347 2562 potuit?

190 2597 363 2674 Quantus
392 2604 447 2664 cst
476 2599 624 2665 tandem
654 2599 714 2665 ille
733 2601 829 2665 inter
852 2599 1091 2665 Plutarchum
1113 2603 1149 2665 et
1168 2599 1269 2665 Taci-

86 2722 163 2783 tum
201 2717 403 2785 verborum
440 2719 668 2785 consensus?
727 2719 786 2785 An
815 2723 974 2784 eatenus
1003 2718 1122 2784 solum
1150 2718 1266 2784 conci-

86 2841 191 2915 nunt,
230 2838 356 2921 quoad
392 2838 524 2904 iisdem
558 2838 714 2905 vocibus
742 2857 837 2924 opus
867 2844 923 2905 est
952 2839 998 2905 ad
1028 2839 1179 2904 casdem
1206 2857 1268 2904 res

86 2957 362 3024 enuntiandas?
404 2958 553 3025 Minime
581 2978 683 3024 vero.
730 2958 815 3025 Suis
842 2959 937 3025 enim
965 2959 1123 3044 quisque
1142 2977 1267 3024 rerum

85 3076 245 3161 scriptor
281 3077 492 3145 rationibus
529 3078 686 3157 ducitur,
724 3098 792 3145 sua
829 3079 983 3145 consilia
1019 3079 1269 3163 persequitur,

191 3413 212 3491 1)
236 3416 352 3475 Laudat
373 3417 439 3492 ipse
461 3416 676 3476 perdilectionem
698 3420 723 3472 et
745 3415 868 3474 laborem
893 3433 962 3473 cum
987 3414 1089 3473 multis
1112 3414 1184 3473 locis
1203 3421 1267 3474 tum

84 3520 160 3576 Arm.
184 3518 228 3576 IV
255 3520 303 3578 61.
327 3553 367 3561 -
391 3518 450 3578 Cir.
472 3518 593 3578 Norden
615 3519 628 3576 l
651 3536 679 3593 p.
704 3518 759 3576 93:
784 3517 846 3575 »die
870 3516 1160 3576 ausserordentliche
1176 3516 1267 3592 Sorg-

83 3621 149 3696 lalt,
171 3622 224 3680 mit
258 3622 311 3681 der
344 3622 391 3680 die
424 3621 592 3680 Historiker
620 3620 672 3680 des
703 3620 870 3678 Altertums
902 3620 987 3678 ihren
1011 3619 1088 3678 Stoff
1109 3619 1267 3678 stilistisch

84 3723 288 3798 gestalteten».

187 3841 209 3920 ²)
233 3844 265 3905 Si
288 3845 356 3922 quis
390 3844 525 3903 Tacitum
559 3843 742 3903 criminando
771 3843 932 3901 novitatem
956 3842 1092 3914 adfectat,
1115 3860 1203 3918 quam
1227 3843 1267 3900 sit
1294 3819 1296 3823 ’

83 3947 243 4026 ἰεῒειλεεοὶει
265 3952 394 4025 vetusta,
417 3947 534 4006 docebit
556 3945 590 4005 G.
606 3946 628 4004 Ι.
647 3945 780 4012 Vossius,
797 3945 839 4003 De
856 3944 1012 4003 Historicis
1027 3943 1150 4018 Latinis,
1166 3943 1227 4001 Lib.
1244 3943 1266 4016 l,

83 4049 153 4125 Cap.
176 4049 272 4108 XXX.

186 4169 210 4246 3)
233 4170 320 4229 Essai
354 4187 407 4229 sur
440 4168 505 4228 Tite
528 4168 610 4242 Live,
633 4187 661 4244 p.
685 4171 760 4229 348:
798 4168 845 4227 »Si
868 4168 895 4226 le
919 4168 971 4225 but
993 4167 1031 4226 de
1054 4160 1197 4224 l’histoire
1219 4169 1267 4224 est

81 4274 120 4333 de
142 4273 322 4334 ressusciter
342 4273 372 4331 le
394 4273 491 4348 passe,
515 4270 569 4331 nul
590 4271 734 4331 historien
756 4270 872 4346 n’egale
894 4269 1016 4328 Tacite».
