2978 4800
1157 231 1217 292 153

184 425 334 491 Initium
371 425 622 492 Historiarum
660 423 713 509 (id
746 427 802 490 est
829 423 846 489 I
879 424 941 504 12;
971 443 1058 490 nam
1086 424 1104 490 I
1135 425 1255 490 1—11

81 545 190 629 quasi
227 545 472 628 praelationis
507 545 625 610 instar
661 542 845 627 obtinent)
883 543 1086 628 respondet
1114 542 1260 611 Galbae

80 664 191 748 capiti
229 665 290 742 22,
330 685 363 729 v.
403 666 419 730 1
452 684 534 748 sqq.
590 664 634 729 ln
664 682 802 728 annum
831 662 879 729 68
907 662 1076 730 incidunt
1117 662 1261 730 Galbae

80 783 203 867 capita
249 785 392 863 1--21;
436 784 500 868 qui
542 788 685 849 tantum
722 781 763 848 G.
797 783 920 849 1—18
951 802 971 848 a
1000 783 1126 849 Tacito
1155 783 1261 850 didu-

39 972 43 980 ,
80 911 177 981 cunt,
206 908 333 969 errant
360 903 385 987 ).

185 1022 431 1089 Consentiunt
459 1024 569 1091 ambo
597 1042 665 1089 nec
693 1028 748 1088 est
777 1023 877 1106 quod
906 1021 1068 1089 differat.
1111 1020 1260 1088 Nullam

79 1143 195 1229 igitur
222 1143 259 1207 in
287 1143 488 1209 Plutarcho
516 1141 791 1230 neglegentiam
820 1140 1114 1225 deprehenderis
1128 1133 1165 1225 2)‚
1194 1140 1259 1207 sed

81 1262 174 1329 alter
203 1263 358 1328 alterum
388 1262 495 1347 quasi
525 1262 684 1347 supplet.

183 1382 407 1448 Plutarchus
440 1356 487 1449 G.
525 1382 584 1461 19,
617 1392 704 1449 1--6
730 1399 962 1446 communem
992 1386 1178 1447 auctorem
1208 1399 1262 1446 se-

80 1503 225 1586 quitur3
267 1507 304 1567 at
337 1501 378 1568 G.
411 1503 472 1577 22,
508 1513 597 1569 1-—2
629 1506 666 1567 et
698 1501 759 1579 23,
790 1510 879 1567 1-3
907 1500 1033 1566 Tacito
1063 1500 1259 1567 debentur.

81 1621 160 1687 Illic
196 1622 332 1688 nimiae
369 1640 443 1687 non
472 1624 559 1688 sunt
587 1620 865 1699 similitudines;
894 1618 980 1685 hinc
1008 1639 1150 1686 summa
1179 1639 1262 1686 con-

80 1741 205 1807 sensio
247 1741 384 1826 incipit.
445 1740 667 1807 Plutarchus
704 1740 747 1807 G.
787 1740 892 1818 22,1,
925 1745 966 1805 ut
999 1740 1046 1806 ad
1078 1739 1262 1806 kalendas

80 1862 279 1927 Ianuarias
318 1862 405 1926 anni
448 1860 498 1928 69
539 1879 634 1946 opus
677 1860 864 1945 perduxit,
909 1860 1024 1926 Taciti
1066 1859 1266 1937 Historias„

81 2000 240 2064 quarum
269 1980 414 2047 initium
442 1980 606 2047 indidem
635 1979 844 2058 incohatur,
874 1980 911 2045 in
937 1999 1069 2045 manus
1090 1980 1260 2064 sumpsit.

229 2373 276 2438 il.
335 2371 572 2439 SUETONII
601 2371 761 2439 LOCUS
793 2373 1114 2439 ENARRATUR.

389 2569 443 2620 An
458 2569 563 2622 mur.
584 2568 670 2622 orn.
690 2568 750 2622 aa
769 2569 804 2621 v.
825 2569 856 2621 ra
875 2568 956 2634 aaa.

187 2869 388 2934 Suetonius
417 2867 503 2935 Oth.
534 2868 556 2934 8
584 2869 800 2954 (placarerai
818 2887 889 2953 par
907 2868 1130 2933 classiarios
1150 2887 1262 2934 arma

82 2989 285 3054 transferri
325 2985 539 3073 remittique
571 2986 751 3068 cacitas)
787 2988 945 3053 eundem
982 2987 1151 3070 sequitur
1179 3006 1263 3053 auc-

189 3222 210 3294 1)
244 3223 336 3282 Velut
367 3223 532 3281 Mommsen
556 3241 583 3298 p.
610 3223 685 3296 2993
710 3222 818 3280 Lenius
843 3240 872 3297 p.
899 3223 952 3296 143
977 3220 1063 3280 Fabia
1086 3239 1114 3296 p.
1138 3223 1165 3281 9.
1209 3221 1260 3278 In-

80 3327 204 3386 feliciter
237 3326 324 3384 Peter
346 3325 380 3384 G.
403 3325 435 3382 L.
458 3325 488 3382 II
511 3343 538 3400 p.
562 3327 623 3384 275
654 3324 822 3399 argumenti
855 3324 920 3382 loco
956 3313 1011 3381 hoc
1042 3324 1147 3381 sumit:
1175 3324 1263 3382 »dass

81 3429 200 3487 Tacitus
235 3429 315 3487 seine
345 3427 496 3486 Historien
528 3428 581 3485 mit
610 3427 677 3485 dem
702 3429 728 3485 l.
751 3426 861 3484 Januar
885 3427 924 3485 69
957 3426 1088 3500 beginnt,
1122 3426 1261 3484 Plutarch

81 3532 154 3590 iiber
176 3531 280 3589 diesen
302 3530 475 3588 Einschnitt
497 3527 590 3602 (Galb.
616 3530 666 3604 19)
682 3528 757 3603 glatt
772 3528 992 3603 hinweggeht›>;
1010 3529 1046 3586 de
1061 3529 1262 3586 commissura

80 3634 109 3691 in
133 3631 167 3691 G.
194 3634 232 3691 22
268 3633 423 3690 manifesta
452 3633 504 3689 cir.
537 3649 629 3706 supra
651 3649 679 3706 p.
705 3631 753 3688 22.
797 3629 902 3705 Neque
924 3636 1003 3688 recte
1025 3628 1123 3704 Grcag
1146 3648 1174 3705 p.
1200 3632 1261 3689 735

79 3742 110 3794 et
133 3735 282 3794 Woelfflin
306 3735 407 3810 Oomp.
430 3753 458 3809 p.
484 3736 519 3792 11
545 3734 662 3793 initium
686 3731 778 3791 Taciti
801 3750 869 3789 crim
893 3732 925 3790 P.
949 3731 983 3790 G.
1000 3733 1039 3790 23
1058 3731 1258 3808 coniungunt3

80 3858 148 3897 nam
171 3837 205 3896 G.
230 3839 268 3896 22
293 3837 398 3895 seditio
433 3837 565 3895 kalendis
598 3835 744 3894 Ianuariis
766 3836 845 3892 lacta
870 3834 944 3892 duce
967 3833 1068 3892 Tacito
1087 3834 1260 3909 exponitur.

107 3998 110 4002 .
182 3940 205 4014 2)
235 3940 386 3998 immerito
421 3938 519 4013 Grcag
548 3957 576 4014 p.
606 3939 680 3996 739:
725 3936 787 3994 »All
810 3936 875 3995 dies
901 3936 979 3993 kann
1003 3936 1033 3992 in
1056 3937 1109 3994 der
1130 3936 1262 4010 gemein-

80 4061 182 4102 samen
214 4041 316 4115 Quelle
346 4042 429 4099 nicht
453 4041 618 4116 gastandan
642 4041 743 4112 haben,
767 4039 804 4096 da
828 4056 899 4096 man
923 4045 1007 4096 sonst
1030 4037 1171 4096 Plutarch
1194 4039 1263 4097 eine

79 4145 227 4221 genadezu
250 4144 377 4203 horrible
400 4143 599 4217 Tluchtigheit
623 4144 652 4199 in
673 4143 724 4200 der
747 4142 925 4215 Beniitzung
940 4141 1093 4199 desselben
1110 4141 1260 4199 auschrei-

79 4251 135 4308 ben
160 4252 297 4305 miisste».
