2978 4800
1253 265 1292 324 93

153 457 328 524 Heraeus
371 456 418 522 ad
462 457 546 523 Tac.
589 456 626 521 ΙΙ
662 456 710 522 25
744 475 910 542 pugnam
950 456 996 522 ad
1034 454 1230 523 Castorum
1265 456 1335 522 iao

152 582 231 644 tam
260 576 467 643 luculenter
495 575 695 642 enarravit.
745 576 894 642 Tacitus
923 576 1019 642 enim
1075 576 1185 643 simul
1213 580 1249 642 et
1275 595 1336 662 po

151 697 252 764 ditos
280 701 316 762 et
346 696 491 780 equites
519 715 539 761 e
566 696 697 762 castris
736 694 961 763 Othonianis
988 695 1142 762 eductos
1170 696 1258 762 dicit
1285 700 1336 762 at·

152 835 229 902 que
276 817 328 882 ita
371 815 586 901 dispositos,
628 820 669 882 ut
713 815 952 882 adversarios
994 815 1143 901 longius
1184 835 1336 902 pregre

153 936 301 1002 dientes
330 936 479 1021 cingere
511 940 676 1020 possent.
734 935 782 1001 At
809 935 1032 1001 Plutarchus
1061 955 1082 1001 a
1111 933 1219 1002 Celso
1247 935 1336 1002 solis

157 1055 348 1141 equitibus
391 1056 518 1122 hostes
557 1055 840 1134 circumventos,
883 1058 960 1121 tum
1002 1054 1150 1121 demum
1191 1055 1336 1140 pedites

154 1195 175 1243 o
217 1175 351 1242 castris
400 1175 602 1242 advocatos
644 1173 782 1240 scribit.
838 1174 918 1240 Iam
951 1174 982 1240 si
1019 1193 1039 1239 e
1074 1174 1200 1240 Tacito
1241 1175 1337 1242 male

150 1299 353 1382 perspecto
406 1295 645 1361 Plutarchum
695 1294 860 1380 pendere
906 1294 1097 1373 sumimus,
1144 1295 1335 1379 praeclare

151 1415 409 1500 expediuntur
437 1415 572 1481 omnia.
629 1414 728 1480 Nihil
756 1415 854 1480 enim
884 1413 985 1500 apud
1013 1413 1112 1479 hunc
1137 1414 1336 1493 invenitur,

152 1535 248 1622 quin
288 1554 371 1601 cum
413 1534 476 1601 illo
512 1535 828 1619 comparationem
865 1533 1015 1600 habeat.
1069 1533 1234 1600 Primum
1266 1530 1336 1603 τοῦ

155 1692 201 1702 -
233 1654 361 1747 Κέλσῳ
403 1653 453 1742 (v.
497 1654 640 1740 8-13)
680 1654 784 1721 locus
824 1657 881 1720 est
907 1672 1006 1719 unus
1033 1654 1198 1720 omnium
1227 1653 1336 1719 simil-

151 1776 266 1842 limus
280 1767 324 1858 ¹);
369 1793 490 1860 usque
531 1793 575 1840 eo
615 1775 781 1841 Tacitum
817 1774 957 1841 fontem
992 1792 1222 1840 communem
1253 1791 1335 1840 3333

156 1895 340 1962 imitatum
369 1894 472 1960 haud
501 1913 591 1961 sane
619 1894 794 1961 credibile
823 1898 887 1960 est.
940 1893 1033 1958 Tum
1061 1891 1123 1960 καὶ
1151 1881 1263 1977 οὗτος
1290 1931 1331 1940 -

160 2004 396 2097 ἀντεξελάσας
431 2007 483 2104 (v.
522 2013 569 2080 13
612 2012 683 2098 sq.)
725 2014 772 2080 ad
815 2013 1067 2079 narrationem
1106 2012 1221 2079 Taciti
1261 2031 1336 2078 ma-

155 2131 255 2199 xime
283 2134 448 2218 quadrat
460 2126 497 2222 2).
533 2134 564 2200 Ε
584 2134 657 2200 iam
676 2133 964 2229 πεφυλαγμένως
981 2170 1022 2179 -
1042 2123 1156 2214 διώξει
1175 2138 1261 2217 apte
1280 2151 1336 2199 co

152 2252 314 2320 haerent
354 2273 438 2319 cum
479 2254 605 2321 verbis
638 2253 754 2320 Taciti
781 2256 887 2336 torpa
918 2291 959 2300 —
982 2272 1085 2332 snos;
1106 2272 1335 2339 quamquam

151 2372 391 2452 Plutarchus,
434 2375 612 2459 repressit
651 2374 774 2440 minus
801 2378 900 2440 recte
927 2373 1205 2457 interpretatus,
1236 2373 1336 2458 equi-

154 2501 210 2560 tes
258 2491 355 2560 Celsi
402 2512 478 2559 non
518 2493 772 2570 consistentes,
811 2511 941 2558 verum
992 2493 1170 2577 impetum
1224 2493 1335 2560 modo

152 2613 392 2680 retardantes
434 2613 531 2679 iacit.
587 2611 661 2679 Sed
703 2611 818 2678 multo
859 2611 979 2678 maior
1018 2612 1056 2677 in
1092 2611 1154 2680 καὶ
1191 2606 1259 2708 τὴν
1290 2652 1332 2659 -

152 2723 390 2826 συνταράξας
431 2751 536 2800 error
576 2737 640 2799 est.
693 2731 914 2798 Plutarchus
955 2750 1031 2797 non
1072 2730 1160 2798 dicit
1187 2731 1335 2799 Celsum

151 2852 295 2918 sensim
333 2853 497 2931 cessisse,
527 2853 592 2919 sed
625 2851 927 2938 progredientem
963 2851 1090 2918 hostes
1125 2852 1162 2917 in
1189 2852 1335 2920 insidiis

151 2971 296 3038 locatos
324 2973 611 3058 circumplexum
640 2990 733 3039 esse.
778 2970 837 3037 Sic
864 2990 1043 3056 perverse
1069 2971 1234 3038 reddidit
1251 2972 1336 3038 sub-

153 3093 209 3158 ito
251 3093 432 3159 discursu
473 3096 578 3179 torpa
618 3093 787 3160 cluserat
822 3111 947 3178 eques
991 3096 1027 3158 et
1063 3111 1157 3176 quas
1186 3092 1334 3159 Tacitus

151 3212 214 3278 his
256 3212 445 3298 significat
486 3213 641 3279 insidias
684 3211 731 3279 ab
768 3211 992 3280 Othonianis
1020 3215 1180 3279 structas
1203 3251 1244 3260 —
1267 3211 1332 3278 cir.

152 3331 256 3398 ultro
297 3332 339 3398 in
387 3333 555 3399 iusidias
590 3333 901 3419 praecipitantur
931 3370 972 3378 —
1004 3331 1154 3398 easdem
1187 3331 1335 3417 putavit

153 3469 250 3530 esse,
281 3470 379 3536 quas
408 3451 567 3519 Caecina
593 3452 792 3537 posuisset,
822 3452 868 3518 de
897 3451 1034 3535 quibus
1053 3450 1201 3517 Tacitus
1221 3451 1334 3536 paulo

259 3651 283 3733 ¹)
307 3654 433 3730 Propter
455 3646 622 3732 αὐτόμολοι,
644 3653 692 3711 cui
716 3651 780 3710 voci
803 3651 911 3710 Lezius
934 3670 963 3727 p.
987 3653 1047 3710 113
1063 3650 1131 3710 adn.
1149 3653 1164 3710 1
1181 3651 1334 3710 commode

152 3758 295 3834 ascripsit
325 3757 353 3815 ΙΙ
389 3753 1333 3830 343331313311113131111313,33331391131333333113113

152 3863 237 3920 fonte
274 3878 333 3918 non
370 3877 439 3918 esse
471 3858 660 3933 cogitandum
694 3857 781 3916 Fabia
813 3876 842 3933 p.
876 3859 915 3916 57
949 3856 1016 3915 adn.
1040 3858 1057 3915 2
1081 3857 1246 3916 confitetur.
1290 3857 1334 3915 De

154 3961 262 4040 Κέλσῳ
284 3964 336 4021 cir.
358 3962 396 4021 ad
419 3961 452 4021 0.
477 3963 495 4021 9
519 3981 546 4020 r.
571 3963 619 4021 29.

258 4079 282 4159 ²)
315 4077 467 4164 Ἀγαθοῖς,
490 4082 589 4158 qualia
614 4082 765 4157 adfingere
786 4080 966 4140 Plutarchus
990 4079 1111 4138 minime
1133 4079 1249 4138 dubitat
1271 4079 1332 4155 (cfr.

152 4185 321 4258 Praelatio),
356 4203 423 4244 cum
454 4185 692 4260 promptissimos
718 4183 973 4259 praetorianorum
995 4182 1125 4258 equiturn
1146 4181 1177 4240 Π
1200 4183 1239 4240 25
1262 4200 1333 4241 con-

152 4290 222 4350 ferri
255 4293 363 4366 potest.
