2978 4800
243 445 560 522 Rafflm

182 588 417 677 Καταλαμβάνει
440 592 464 654 δ’
486 584 573 655 αὐτὸν
588 589 628 653 ἔτι
644 589 707 668 με’λ-
801 590 817 648 Ι
843 593 881 649 12
905 592 1012 651 Paaeis
1029 599 1097 668 post
1119 591 1255 649 moneas
1275 589 1321 647 la-

139 702 228 761 λοντα
251 691 301 758 καλ
323 688 527 778 βουλευόμενον
549 692 707 774 ἐκραγέντα
758 693 882 751 naarias
903 693 1003 752 dietas
1024 693 1145 769 Pompei
1159 693 1324 768 Propinqui

139 794 178 860 τά
202 803 233 860 Γ
230 791 384 878 apparead.
753 796 952 870 procuratoris
973 815 991 854 a
1014 796 1127 871 Betpiao
1149 795 1256 854 litterae
1272 795 1322 853 ad-

758 896 902 970 ferantur,
921 898 1081 973 superioris
1100 897 1274 956 Ganraniae
1285 896 1323 954 te-

243 1007 283 1072 P.
319 1005 361 1074 G.
391 976 454 1073 23,
757 997 857 1073 piones
878 1005 965 1075 rapte
979 998 1305 1058 sacramentareverea·

657 1147 666 1167 ,
758 1100 960 1176 imperatorem
1000 1101 1093 1160 otiam
1132 1101 1263 1176 stopitare
1298 1105 1323 1157 et

177 1154 264 1277 112
314 1147 401 1270 0¹33oe
438 1149 490 1266 pie
527 1149 707 1274 ἀνηῖορωθη
758 1203 874 1260 senatui
898 1222 931 1262 ao
951 1204 1062 1279 popato
1091 1204 1224 1262 llmnano
1246 1201 1323 1260 arbi-

143 1259 306 1324 Ουιτελλως
343 1278 537 1335 mmmm
574 1279 603 1316 ἓν
636 1256 708 1335 sto·
759 1305 849 1363 triam
872 1305 994 1381 etipendi
1011 1307 1184 1382 permittere,
1208 1323 1264 1380 qao
1280 1323 1321 1362 se-

140 1382 239 1439 panop.
394 1453 401 1472 .
537 1453 544 1475 ,
598 1450 604 1474 ,
658 1457 666 1478 ‚
699 1466 710 1478 ,
758 1407 829 1466 ditio
855 1408 974 1468 mottias
1001 1408 1180 1483 aooiperetar.
1227 1407 1322 1464 Mata-

183 1461 265 1518 2‘3
311 1465 485 1537 Hv⁰⁰t⁴⁸⁹⁰⁹
516 1463 546 1520 δ’
574 1482 623 1519 W
652 1483 708 1522 ⁸²⁸⁸
757 1509 831 1567 ravit
861 1527 895 1567 ea
926 1528 972 1567 res
1007 1509 1162 1568 consitium
1207 1508 1312 1566 Galbae

139 1557 327 1641 νεωτερισμὸν
349 1554 365 1623 ὁ
388 1554 513 1644 Γάλβας
539 1557 634 1624 οὐκέτι
655 1554 707 1640 τὴν
757 1610 818 1669 iam
895 1611 964 1670 -dm
995 1612 1027 1670 de
1054 1612 1204 1686 adoptione
1226 1553 1321 1668 munt

140 1661 294 1742 εἰσποίησιν
314 1656 500 1744 ἀνεβάλλετο.
847 1630 899 1687 Μ

758 1718 782 1771 et
804 1731 869 1772 eam
887 1713 1037 1790 maximis
1058 1714 1203 1788 epitomis,
1244 1713 1257 1770 Ι
1283 1714 1320 1770 14

761 1815 818 1874 Sed
845 1815 935 1875 Gotho
959 1822 1027 1892 post
1053 1816 1173 1874 nuntios
1200 1815 1320 1872 Germa-

757 1918 837 1977 m'oae
859 1919 1017 1991 seditionis,
1047 1936 1223 1994 quamquam
1247 1917 1323 1974 nitrit

757 2020 849 2079 adleae
869 2022 902 2080 de
923 2021 1033 2080 Vitellio
1055 2027 1160 2080 eertum
1186 2067 1192 2078 .
1218 2067 1224 2078 .
1249 2066 1255 2077 .
1277 2037 1321 2076 eo-

757 2123 843 2181 mitio
865 2124 985 2199 imperii
1007 2124 1149 2198 transipit.

243 2346 363 2413 Galba
400 2347 732 2427 deliberabundus
765 2350 887 2434 inquit
913 2349 1149 2428 Plutarchus,
1179 2342 1319 2433 novol)

140 2467 270 2532 nuntio
299 2467 533 2551 opprimitur,
570 2487 645 2552 quo
675 2468 917 2534 Germanicos
945 2468 1080 2535 militas
1108 2469 1233 2553 palam
1261 2469 1321 2535 da·

139 2585 271 2652 iecisse
309 2587 493 2667 adiutum
532 2587 636 2654 ouius
675 2588 728 2654 rei
767 2588 901 2654 certior
933 2589 1054 2655 laetus
1083 2589 1320 2673 adoptionem

140 2706 213 2771 iam
241 2725 315 2772 non
344 2708 606 2790 procrastinat.

243 2826 354 2891 Hune
389 2827 559 2892 nuntium
590 2827 637 2893 ad
666 2827 871 2912 superioris
900 2825 1125 2893 Germaniae
1153 2826 1320 2913 legiones

141 2949 319 3030 spectare,
355 2946 527 3012 kalendis
560 2947 747 3014 Ianuariis
775 2947 813 3012 in
841 2951 995 3013 sanatus
1024 2965 1066 3012 ao
1094 2947 1222 3031 populi
1251 2946 1322 3012 Ro-

140 3067 241 3132 mani
269 3065 387 3131 verba
416 3066 570 3144 iuratas‚
603 3086 622 3131 e
650 3067 777 3133 Tacito
805 3066 1044 3152 intellegitur.

244 3185 283 3250 Ρ.
328 3184 372 3252 G.
411 3185 457 3250 22
496 3187 588 3264 init,
625 3205 700 3253 non
740 3185 781 3253 G.
824 3185 988 3264 19,1-3
1024 3205 1106 3251 oum
1143 3185 1182 3251 T.
1219 3186 1235 3250 Ι
1273 3187 1319 3251 12

141 3304 437 3388 componendum
474 3309 539 3371 est.
596 3306 640 3371 In
670 3305 713 3373 G.
744 3306 804 3384 23,
832 3318 910 3373 1-3
937 3304 1161 3371 Plutarchus
1198 3324 1322 3370 rover-

142 3423 230 3492 titur
272 3425 318 3490 ad
357 3425 418 3502 22,
450 3435 528 3492 1-2
565 3425 659 3490 sieut
699 3425 794 3491 Hist.
834 3425 851 3490 I
892 3426 940 3490 14
977 3425 1054 3491 init.
1092 3425 1236 3509 quael
1273 3425 1319 3491 12

140 3543 217 3609 init.
257 3543 355 3609 diota
392 3552 499 3610 erant
534 3545 729 3610 iterantur.
785 3545 986 3610 Praeterea
1022 3550 1234 3630 congruunt
1268 3548 1321 3614 ἔτι.

139 3661 320 3750 μέλλοντα
349 3660 410 3730 καὶ
438 3656 708 3755 βουλευόμενον
735 3683 816 3730 oum
845 3664 926 3730 iam
949 3663 1102 3750 pridem
1132 3664 1178 3729 de
1206 3665 1321 3751 adop·

140 3781 241 3847 tione
268 3801 393 3849 senam
422 3786 455 3848 et
482 3802 567 3849 eam
590 3783 779 3868 prosimis
808 3783 1007 3869 apitantis,
1038 3789 1073 3850 et
1102 3774 1322 3872 nudipes-vop

143 3950 149 3962 .
182 3951 188 3963 .
221 3951 227 3964 .
258 3893 277 3967 ὁ
309 3893 452 3990 Γάλβας
489 3893 612 3972 οὐκέτι
650 3893 716 3998 τὴν
752 3902 962 3998 εἰσποίησιν
999 3893 1210 3990 ἀνεβάλλετο
1239 3921 1320 3967 oum

243 4169 264 4245 ¹)
297 4171 365 4230 Non
396 4173 499 4231 eodem
533 4183 624 4248 atque
656 4171 690 4230 G.
728 4173 776 4248 19,
811 4185 894 4245 1-33
932 4172 984 4230 etr.
1014 4189 1041 4246 p.
1068 4172 1126 4228 148
1157 4170 1224 4227 adn.
1249 4172 1267 4228 3
1292 4177 1322 4228 et

140 4293 168 4349 p.
198 4276 247 4332 21.
