2978 4800
1249 239 1290 295 45

257 433 302 499 V.
335 434 424 500 1-7
463 450 509 498 ex
546 430 694 497 dnobus
729 431 845 497 Taciti
877 430 979 508 locis,
1010 428 1147 514 quibus
1178 429 1224 495 ad
1253 449 1334 521 ver-

146 554 241 620 bum
280 552 359 619 fere
394 551 635 637 respondent,
664 551 828 616 contexti
856 556 954 616 sunt.
1011 550 1105 615 Nam
1134 550 1334 616 Plutarcho

149 693 267 761 quam
312 671 492 738 Suetonio
521 670 699 755 propiora
736 677 824 737 sunt
855 692 936 738 cum
967 672 1063 738 Hist.
1094 663 1228 755 127¹)
1257 676 1335 735 tum

149 795 167 861 I
197 794 249 860 22
266 785 305 877 2).

256 911 362 978 7-9.
416 911 498 977 Hoc
525 931 600 977 non
629 931 711 978 esse
738 911 893 977 uberius
922 911 1057 977 dictum
1080 931 1100 977 a
1121 909 1334 987 Plutarcho,

154 1032 220 1099 sed
249 1030 453 1117 vestigium
480 1031 595 1097 fontis
624 1031 776 1097 alterius
805 1005 1019 1097 existimare
1049 1049 1209 1115 aequum
1230 1021 1334 1113 esti).

151 1152 284 1237 Neque
325 1155 449 1216 tamen
486 1150 525 1216 id
561 1149 697 1228 obstat,
741 1170 816 1235 quo
856 1151 978 1217 minus
1020 1151 1085 1235 qui
1126 1153 1336 1234 sequuntur

150 1293 187 1338 v,
219 1272 341 1338 9—11
374 1289 393 1336 e
422 1270 616 1337 simillimis
645 1271 760 1336 Taciti
789 1270 915 1337 verbis
943 1270 1103 1336 derivati
1131 1270 1206 1336 sint
1234 1275 1255 1348 ).

260 1390 304 1455 V.
338 1390 489 1455 11-12
519 1409 538 1455 e
568 1390 694 1456 Tacito
724 1390 771 1456 ad
800 1390 957 1457 verbum
991 1390 1166 1473 exscripti
1195 1392 1282 1455 sunt
1295 1380 1334 1472 ί”).

263 1510 426 1575 12—14.
483 1509 624 1576 Haece
644 1510 759 1576 Taciti
779 1511 854 1577 clii
875 1563 881 1575 .
906 1563 912 1575 .
936 1510 1136 1595 .plerique
1156 1560 1163 1574 .
1187 1561 1193 1574 .
1217 1528 1337 1594 ,ρανε

152 1683 161 1697 .
182 1683 190 1696 .
211 1682 219 1696 .
231 1649 337 1716 parc,
357 1649 455 1714 quae
476 1630 513 1695 in
533 1630 662 1696 eodem
684 1636 772 1697 sunt
790 1630 1017 1697 narrationis
1036 1634 1222 1707 contextu,
1241 1627 1337 1693 male

153 1749 352 1816 intellectis
373 1749 484 1816 ducta
514 1769 596 1815 esse
623 1750 724 1816 Lezii
752 1750 863 1816 valde
891 1749 1098 1835 probabilis
1119 1752 1174 1814 est
1194 1752 1338 1814 senten-

155 1870 224 1936 tia.
279 1868 370 1935 Nam
399 1869 624 1935 Plutarchus
653 1871 790 1947 Tacito,
820 1889 979 1954 quocum
1008 1869 1119 1934 modo
1148 1873 1223 1933 tam
1251 1867 1336 1932 insi-

156 1988 282 2077 gniter
308 1988 551 2074 congruebat,
579 1991 617 2054 in
645 1989 703 2054 his
730 2008 886 2074 prorsus
906 1993 1094 2072 repugnat
1107 1981 1145 2072 ⁶).
1189 1986 1338 2052 Tacitus

156 2109 257 2176 enim
285 2113 364 2175 toto
392 2107 524 2174 itinere
553 2108 705 2175 totidem
733 2108 866 2174 milites
895 2107 1014 2173 tribus
1043 2111 1078 2173 et
1106 2107 1239 2192 viginti
1268 2106 1338 2172 illis

156 2228 378 2298 adhaesisse
408 2229 507 2306 dicit,
536 2228 757 2295 Plutarchus
786 2229 938 2296 totidem
967 2229 1040 2294 iam
1069 2229 1106 2293 in
1134 2227 1229 2304 foro,
1254 2230 1339 2311 post

154 2352 195 2416 in
222 2349 286 2415 via
317 2347 409 2414 alios
438 2354 564 2414 ternos
593 2353 630 2413 et
656 2354 872 2433 quaternos.
928 2349 1009 2414 Hoc
1037 2368 1081 2414 eo
1108 2347 1245 2414 iactum
1275 2351 1340 2424 est,

159 2468 262 2553 quod
288 2468 514 2535 Plutarchus
542 2468 614 2546 illa,
642 2468 779 2552 quibus
806 2469 852 2535 de
873 2468 1076 2534 eorundem
1098 2468 1245 2533 Tacitus
1266 2466 1341 2531 ani-

161 2587 232 2654 mis
258 2592 486 2672 exposuerat
514 2593 550 2653 et
578 2588 720 2664 studiis
749 2587 797 2653 ad
826 2588 917 2654 alios
945 2587 1098 2653 rettulit.

152 2878 222 2938 sich
256 2877 288 2935 P.
318 2878 366 2935 fiir
397 2876 446 2934 (lie
469 2874 540 2932 Zahl
566 2875 605 2932 23
628 2875 683 2932 mit
705 2873 784 2953 φασί
801 2875 852 2932 aul
884 2874 970 2931 einen
1002 2879 1214 2947 ungenannten
1247 2875 1342 2928 Antor

153 2981 270 3052 berun,
293 2979 338 3038 als
361 2978 491 3036 welcher
514 2977 577 3035 sich
600 2994 657 3035 uns
681 2976 713 3034 T.
734 2977 865 3035 anhietet
881 2976 956 3034 Hist.
981 2975 996 3033 I
1020 2977 1068 3034 27.
1103 2973 1218 3034 Gerade
1234 2975 1341 3032 ehenso

153 3082 278 3142 bezieht
312 3080 376 3139 sich
409 3080 442 3138 P.
476 3079 507 3137 in
542 3079 711 3138 demselben
745 3079 820 3154 Kap.
844 3080 883 3137 25
907 3079 961 3136 mit
984 3072 1024 3146 ὥς
1045 3099 1128 3156 φασι,
1149 3070 1187 3155 μὴ
1210 3069 1343 3144 συνειδώς

160 3185 281 3243 ...anf
304 3182 335 3242 T.
359 3183 437 3241 Hist.
461 3182 476 3240 I
499 3183 562 3240 28».
601 3182 688 3239 Hand
711 3181 797 3240 aliter
819 3181 852 3239 P.
877 3180 943 3238 Gor.
967 3181 1006 3239 26
1024 3181 1113 3237 verba
1128 3179 1194 3241 ἔνιοι
1209 3178 1242 3240 δέ
1254 3201 1343 3256 φασιν

160 3285 198 3343 ad
220 3304 315 3344 unum
335 3285 486 3343 Plutarchi
509 3292 660 3343 auctorem
692 3291 827 3359 spectant
851 3282 1043 3357 Dionysinm3
1069 3283 1128 3339 vid.
1151 3282 1239 3340 Peter
1261 3301 1289 3356 p.
1314 3284 1341 3340 8.

263 3405 288 3482 2)
312 3405 400 3463 Fabia
419 3424 447 3481 p.
469 3407 528 3464 139
545 3403 719 3463 Suetonium
736 3405 766 3460 in
783 3404 838 3461 hoc
854 3403 1074 3461 dissimiliorem
1091 3419 1158 3460 esse
1175 3420 1234 3459 non
1252 3402 1340 3460 videt.

266 3524 291 3600 ³)
313 3525 422 3583 Lenius
446 3543 474 3600 p.
497 3526 537 3582 49
563 3542 606 3599 sq.
630 3524 756 3580 dubitat.

263 3641 289 3722 4)
312 3643 446 3719 Plerique
480 3643 620 3701 mirumlo
653 3642 757 3700 fefellit
780 3642 910 3700 Fabiam:
935 3645 986 3701 cir.
1010 3661 1038 3718 p.
1062 3644 1118 3702 262
1164 3642 1210 3700 »T
1229 3688 1259 3701 ..
1280 3689 1285 3700 .
1305 3661 1342 3701 ne

158 3747 245 3824 parle
263 3792 269 3804 .
287 3790 294 3803 .
311 3792 317 3804 .
334 3746 362 3803 ni
386 3747 423 3804 de
446 3746 660 3804 l'etonnement
691 3745 744 3802 des
773 3746 963 3820 assistants»;
987 3763 1084 3820 neque
1106 3741 1155 3806 διὰ
1178 3739 1231 3825 τὴν
1253 3740 1344 3826 ὀλιγο-

157 3873 236 3929 aqva
266 3846 326 3909 ‘coir
358 3843 638 3927 οἷποτετολμημένων
659 3847 756 3906 verbis
774 3847 919 3922 paucitate
943 3847 1135 3906 salutantium
1164 3848 1343 3924 respondere

158 3950 406 4010 animadversum
429 3955 484 4008 est.

267 4051 291 4126 5)
314 4053 358 4111 De
381 4051 416 4114 δι’
439 4046 556 4134 α’γορᾶς
578 4053 629 4110 cir.
652 4071 728 4128 qnae
751 4061 927 4128 sequuntur.

250 4153 292 4230 ¹⁶)
324 4155 390 4214 Hoc
422 4155 510 4214 Fabia
541 4173 570 4231 p.
601 4157 649 4229 26,
682 4174 749 4214 cum
779 4155 858 4214 Leaii
890 4157 1080 4232 impugnaret
1106 4156 1343 4232 enplicationem,

160 4277 225 4317 non
246 4258 382 4317 attendit.
