2978 4800
212 229 270 287 130

272 421 318 486 17
327 420 433 487 --19.
488 421 695 507 Imaginem
724 440 745 487 a
770 421 896 487 Tacito
917 421 1183 488 adumbratam
1204 442 1349 508 expres·

166 541 213 607 sit
243 545 355 625 atque
384 540 603 607 informavit
630 540 864 607 Plutarchus,

192 714 195 722 .
271 659 437 726 19-41,
494 660 536 725 In
579 659 816 727 contionibus
859 678 941 726 cum
982 660 1210 745 plerumque
1244 663 1350 746 scrip-

165 785 264 846 tores
284 780 369 865 plus
390 798 502 864 quam
524 779 617 844 alias
636 779 732 845 inter
751 798 791 845 se
810 778 999 857 differant,
1013 780 1208 864 quaedam
1231 786 1349 848 tamen

164 900 224 966 hio
251 899 451 965 Plutarcho
481 903 567 964 sunt
585 918 668 964 oum
688 898 814 966 Tacito
833 898 1104 978 similitudines¹
1129 919 1233 984 quae
1254 902 1350 986 apud

164 1020 330 1104 reliquos
370 1038 446 1085 non
483 1019 732 1104 reperiuntur,
773 1019 874 1085 velut
903 1038 937 1083 v.
967 1018 1013 1084 31
1046 1037 1101 1103 sq.
1142 1010 1230 1113 παρ’
1264 1011 1350 1114 ἡμῖν

162 1138 224 1207 καὶ
260 1142 365 1208 τέκνα
403 1134 475 1205 τῶν
503 1137 680 1206 ἐναντίων
708 1138 769 1206 καὶ
795 1139 964 1228 γυναῖκες
992 1143 1028 1204 et
1056 1138 1209 1205 fruetur
1245 1140 1303 1206 Vn
1324 1141 1347 1205 l-

163 1260 239 1326 lius
268 1258 396 1336 fratre,
427 1258 596 1343 coniuyc,
627 1257 776 1338 tiberim
807 1278 841 1323 v.
871 1258 921 1324 23
950 1255 1021 1327 τοῦ
1049 1255 1171 1342 καλῶς
1200 1251 1348 1327 ἀποθα-

166 1389 237 1446 νεῖν
270 1383 306 1444 et
333 1377 536 1463 pulchrior
567 1397 685 1456 lucrm
716 1397 751 1442 v.
783 1378 831 1444 34
860 1396 913 1462 sq.
941 1368 1032 1446 ἀλλὰ
1054 1368 1258 1467 Ῥωμαίοις
1286 1402 1345 1444 πο-

160 1494 356 1589 λεμοῦντες
390 1487 595 1592 ἀμφότεροι
630 1488 696 1591 τὴν
724 1495 882 1591 πατρίδα
911 1497 971 1566 καὶ
1003 1493 1172 1579 νικῶντες
1201 1487 1344 1564 donor]-

160 1642 225 1705 Ιιαεν
261 1615 321 1684 καὶ
357 1607 549 1706 ναιόμενα)
577 1621 613 1682 et
640 1636 692 1681 αν)
720 1635 786 1701 coo
815 1619 962 1682 tontum
991 1616 1195 1681 Romanae
1217 1615 1341 1701 putria,

160 1739 212 1802 tot
246 1736 414 1821 cereolos
449 1736 627 1801 coercitus
656 1787 663 1800 .
694 1788 700 1801 .
733 1789 739 1802 .
769 1735 1030 1822 reipublicae
1058 1734 1159 1820 eripi
1184 1735 1342 1821 potior?

160 1856 290 1941 Neque
326 1855 548 1921 crediderim
585 1875 674 1921 casu
703 1856 883 1932 evenisse,
910 1861 951 1922 ut
978 1855 1123 1921 initium
1152 1853 1342 1920 Plutarchi

159 1967 314 2071 ταύτην,
342 1974 440 2042 εἶπεν
468 1975 597 2059 primis
627 1976 742 2041 Taciti
771 1974 926 2042 vocibus
954 1975 1065 2052 bunc,
1095 1975 1231 2060 iniquit
1260 1975 1340 2040 assi-

157 2095 374 2173 mularctur,
419 2096 639 2180 praesertim
681 2114 761 2161 cum
804 2101 962 2179 uterque
1005 2098 1091 2179 post
1129 2095 1339 2162 contionem

156 2215 289 2280 iisdem
331 2214 458 2280 verbis
500 2215 753 2281 narrationem
792 2215 1004 2281 traduceret
1046 2211 1226 2299 (τοιαῦτα
1269 2213 1342 2281 dta-

156 2331 296 2420 λεχθείς
337 2331 380 2399 O.
421 2333 467 2400 16
503 2354 537 2399 v.
580 2336 610 2412 1,
647 2335 745 2400 tolio
775 2335 919 2401 locutus
947 2334 984 2400 ΙΙ
1012 2333 1088 2418 48).
1145 2333 1226 2400 Nee
1255 2352 1341 2400 vero

157 2452 358 2537 quicquam
399 2453 496 2520 inest
537 2454 574 2518 in
611 2453 800 2519 Plutarchi
838 2454 1018 2530 oratione,
1057 2453 1159 2538 quod
1191 2473 1271 2520 non
1300 2473 1342 2520 ex

158 2592 226 2638 sua
269 2577 403 2652 mente,
446 2574 512 2639 sed
552 2594 598 2639 ex
635 2574 708 2640 alio
745 2579 895 2641 auctore
928 2593 1052 2639 rerum
1082 2573 1342 2639 Romanarum

156 2692 331 2758 videatur
359 2693 561 2759 addidisse.
604 2693 693 2758 Plus
721 2693 860 2760 recedit
880 2713 901 2758 a
921 2693 1048 2759 verbis
1075 2692 1194 2758 Taciti
1214 2693 1290 2760 Dio
1306 2687 1341 2777 ¹),

155 2813 220 2897 qui
250 2816 385 2890 tamen,
415 2831 496 2877 cum
526 2811 712 2879 Othonem
741 2812 924 2879 dicentem
952 2813 1040 2878 iacit
1068 2831 1107 2878 se
1132 2833 1252 2878 unum
1275 2832 1343 2898 pro

154 2933 278 2998 multis
316 2933 431 2998 emori
460 2932 567 3010 velle,
598 2932 752 2998 dubium
774 2907 838 2998 ¹est
866 2952 913 2998 an
943 2937 1090 2998 secutus
1120 2932 1169 2998 sit
1198 2932 1344 2999 Plutar-

153 3052 278 3130 chum;
320 3050 520 3117 Suetonius
559 3070 649 3117 vero
678 3052 884 3117 orationem
915 3051 963 3118 ab
991 3050 1140 3118 Othone
1169 3052 1342 3119 habitam

153 3175 261 3255 patre
291 3177 441 3236 auctore
470 3163 634 3258 negate.

255 3423 278 3504 l)
301 3425 359 3483 Otr.
382 3402 472 3482 etiam
495 3423 566 3481 Zon.
589 3424 633 3482 XI
659 3426 707 3483 15.

252 3528 276 3600 2)
300 3527 395 3584 Etiam
426 3546 453 3584 r.
485 3528 522 3584 27
555 3544 628 3602 sqq.,
652 3521 863 3607 ἀπαγγέλλουσι
885 3521 935 3605 τὴν
957 3525 988 3588 ἐκ
1013 3524 1129 3594 Μυσίας
1150 3519 1234 3604 ἡμῶν
1259 3525 1343 3591 dova-

149 3655 195 3709 μιν
218 3625 250 3692 αὖ
268 3629 381 3691 πολλῶν
403 3624 516 3710 ἡμερῶν
538 3621 602 3690 ὁδὸν
624 3625 736 3709 ἀπέχειν
758 3622 809 3708 ἤδη
831 3627 1065 3710 καταβαίνουσαν
1087 3624 1131 3689 ἐπὶ
1146 3621 1197 3690 τὸν
1209 3625 1342 3710 Ἀδρίαν,

151 3733 257 3790 mirum
291 3733 321 3788 in
356 3732 476 3788 modum
509 3738 680 3804 congruunt
702 3750 770 3789 cum
792 3732 837 3804 iis
860 3749 937 3806 quac
961 3731 1049 3806 paulo
1072 3736 1141 3788 aute
1163 3733 1341 3792 contionem

149 3835 250 3909 posuit
277 3834 407 3906 Tacitus,
424 3834 584 3909 proclinent
606 3853 619 3890 e
641 3834 750 3891 Moesia
771 3833 888 3891 culidem
912 3833 1130 3890 obstinationem
1152 3834 1341 3895 adventantis

148 3938 295 4007 exercitus,
320 3936 442 4010 leyiones
464 3935 630 4010 Aquileiam
653 3937 800 4009 t'nyrcssos
821 3936 995 3993 truntinbont
1017 3936 1046 3993 Il
1069 3937 1119 3994 46.
1156 3935 1258 3996 Multo
1286 3941 1339 3997 mi·

149 4058 205 4098 nus
239 4039 348 4098 similia
381 4056 448 4098 esse
482 4057 557 4114 quae
587 4040 623 4097 de
647 4040 782 4098 Moesicis
805 4040 971 4114 legionibus
993 4039 1060 4097 alibi
1085 4017 1189 4097 &crint
1213 4040 1341 4102 Tacitus

148 4142 192 4216 (ll
225 4144 274 4214 32,
302 4140 353 4215 44)
377 4159 434 4198 non
459 4142 619 4200 attendunt
649 4143 735 4200 Fabia
759 4161 785 4216 p.
810 4144 858 4217 82,
881 4143 1036 4200 Andresen
1060 4160 1089 4216 p.
1111 4143 1184 4199 433.
1209 4178 1251 4186 -
1279 4146 1338 4204 Clr.

148 4263 237 4318 supra
272 4263 299 4318 p.
336 4246 394 4302 123
427 4244 493 4300 adu.
529 4246 555 4300 Γ)
581 4242 813 4302 -Orationem
847 4251 946 4302 utitem
970 4243 1119 4302 Plutarchi
1144 4247 1242 4320 magis
1269 4267 1340 4306 cum
