2978 4800
260 433 303 499 P.
338 431 379 500 G.
407 451 434 498 ο.
462 432 523 499 26.

196 671 284 729 1-4
339 665 553 746 Βουλευυμίνου
596 662 626 729 δὲ
669 665 722 730 τοῦ
817 667 893 727 132
944 669 1065 728 Interim
1107 671 1228 730 Galbam
1265 672 1338 731 duae

151 776 182 834 Γ
179 766 262 854 οίλβα
284 773 446 852 προελθεῖν,
468 762 517 829 καὶ
543 763 657 831 Οὐινίου
671 765 723 847 μὲν
773 769 927 827 sententiae
948 770 1139 830 distinebant:
1177 769 1260 832 Τι’ίιιε
1288 773 1336 832 Vi-

151 869 205 936 οὖκ
237 870 354 944 ε’ὧντος,
375 864 513 946 ἸκελουῙ)
537 866 566 932 δὲ
588 865 637 932 καὶ
659 864 723 933 Ad·
774 871 845 928 niua
860 871 1039 930 manendum
1054 873 1132 932 intra
1146 875 1267 933 doraum
1283 920 1289 933 .
1308 921 1337 934 ..

155 997 247 1042 κωνος
277 966 497 1053 παρορμώντων
525 968 574 1034 καὶ
601 965 723 1053 anabad-
774 994 833 1033 nan
848 975 977 1032 eundum
991 975 1030 1033 ad
1042 975 1133 1035 iratos
1149 979 1275 1036 censebat
1291 1025 1297 1037 .
1311 1025 1337 1038 ..

155 1101 238 1157 τερον
247 1075 301 1138 τοῦ
317 1069 433 1136 Οὐινίου
448 1073 681 1152 καθαπτομένων
689 1070 722 1147 ²),
774 1079 788 1137 1
804 1081 844 1137 33
858 1078 1066 1136 Festinandum
1082 1079 1180 1137 ceteris
1191 1080 1338 1139 ridebatur

775 1226 781 1238 .
798 1226 804 1239 .
820 1226 826 1238 .
842 1181 1059 1256 Itemrqnantem
1090 1180 1157 1239 buia
1184 1183 1337 1241 sententiae

781 1283 899 1341 Vinium
934 1280 1011 1340 Laba
1044 1282 1197 1342 minaeiter
1219 1284 1335 1356 irruant,

774 1385 940 1444 stimulante
962 1384 1032 1443 Ieela
1055 1427 1063 1442 .
1088 1431 1094 1444 .
1118 1430 1125 1442 .

195 1489 283 1546 4-5
318 1485 411 1566 θροῦς
443 1485 543 1566 διῆλθε
564 1479 660 1560 τιολίς,
683 1480 723 1556 ως
817 1489 830 1546 Ι
854 1490 894 1547 34
934 1487 1059 1546 Vixdum
1089 1506 1199 1563 ιρνιεεο
1230 1487 1337 1546 Pisone

151 1585 333 1669 ἀνῃρημένου
369 1587 421 1649 τοῦ
452 1580 584 1655 Ὄθωνος
619 1587 647 1648 ἐν
679 1587 722 1664 τῷ
774 1591 898 1649 autmari
920 1590 954 1647 in
968 1590 1071 1648 eastris
1092 1589 1231 1648 Olbonem
1247 1608 1338 1665 οορας

152 1689 356 1771 στρατοπέδω
368 1689 391 1765 ³)
769 1694 905 1768 μνίιιιιιιιι
927 1699 952 1750 et
973 1692 1099 1750 incertus
1120 1711 1238 1750 rumor:
1260 1710 1337 1762 ιιιοιυ,

774 1796 861 1854 utin
883 1795 999 1870 υιιιριιίε
1020 1795 1187 1870 mandantis,
1215 1795 1337 1870 intersu-

774 1899 831 1956 isse
852 1917 882 1955 se
904 1897 1023 1972 qrridam
1038 1903 1063 1955 et
1076 1897 1182 1955 vidisse
1196 1897 1336 1970 adfirma-

775 2001 852 2071 bant,
871 2000 983 2059 aredula
997 2001 1081 2075 fama
1095 2001 1170 2058 inter
1182 1999 1337 2074 quantus

774 2109 799 2161 et
820 2103 989 2161 iniuriosae.
1017 2101 1107 2160 Multi
1123 2101 1337 2160 arbitrabantur

773 2207 964 2282 υοιυμοειιιιυι
994 2212 1165 2281 auratumque
1190 2224 1335 2265 rumarem

774 2309 875 2367 natalis
907 2309 969 2367 iam
1008 2309 1192 2380 OthonianiS,
1227 2309 1279 2383 qui
1300 2309 1337 2366 ad

773 2411 946 2469 armandum·
988 2411 1108 2470 Galbam
1153 2411 1225 2468 laeta
1261 2412 1337 2486 satra

773 2514 956 2587 initiaverint.

200 2615 303 2673 5-10
334 2607 383 2674 nal
413 2611 488 2693 μετὰ
508 2607 608 2693 μικρὸν
631 2606 721 2693 ὤραν]
815 2615 893 2673 135
922 2614 1029 2674 Obuius
1050 2617 1083 2673 in
1106 2616 1220 2674 Panno
1242 2615 1337 2673 Iulius

148 2709 268 2786 Ἰυίλιος
288 2710 424 2786 Ἄττικος
444 2716 503 2778 τῶν
525 2711 576 2777 οὐκ
600 2709 722 2795 ἀσήμων
773 2717 885 2776 Atticus
911 2717 1077 2791 specialiter,
1100 2722 1252 2775 armentum
1274 2717 1337 2792 yla-

149 2817 180 2880 ε’ν
211 2826 274 2888 τοῖς
297 2812 467 2899 δορυφόροις
493 2811 722 2898 στρατευόμενος
772 2820 1023 2890 murmuratam,
1036 2820 1160 2878 aeeisrem
1173 2838 1192 2876 a
1203 2838 1233 2877 ει
1250 2818 1335 2879 Olba·

149 2918 250 3002 γυμνῷ
273 2919 316 2997 τῷ
339 2918 412 2999 ξίφει
425 2915 657 3000 προσφερόμενος
672 2915 721 2982 καὶ
772 2941 840 2980 nem
872 2921 1054 2994 inclamavit·
1082 2927 1108 2979 et
1139 2920 1229 2980 Galba
1252 2921 1336 2980 ’eanr-

150 3021 230 3104 βοῶν
271 3016 443 3101 ἀνῃρηκέναι
480 3015 531 3083 τὸν
566 3021 721 3103 Καίσαρος
772 3023 884 3095 rnilito',
907 3023 1011 3099 inaruit,
1034 3025 1109 3099 ’qals
1131 3022 1249 3082 incasit?

151 3122 303 3203 τιυλίμιον·
337 3118 487 3202 ὠσιίμενος
520 3119 549 3185 bi
582 3118 630 3187 διὰ
663 3126 722 3187 τῶν

155 3219 346 3305 προεστώτων
374 3224 457 3300 ἔδειξε
487 3224 530 3304 τῷ
556 3232 588 3290 Γ
584 3221 664 3311 uilla
689 3222 724 3291 τὸ

155 3325 237 3406 ξίφος
269 3320 440 3408 ᾑμαγμένον.
482 3322 513 3391 ‘0
546 3325 576 3391 δὲ
608 3329 722 3411 βλέψας

263 3617 288 3695 ¹)
311 3617 360 3677 Sic
382 3618 548 3678 Mommsen
572 3640 600 3696 p.
624 3624 685 3681 303
711 3622 779 3680 adn.
806 3626 820 3680 1
846 3640 899 3699 pro
921 3622 1046 3685 Κέλσου.

258 3734 284 3811 ²)
307 3738 365 3798 cfr.
389 3736 473 3797 Suet,
497 3738 534 3797 G.
559 3743 597 3798 19
620 3759 653 3799 aa
669 3741 814 3817 purisque
831 3747 864 3799 ut
878 3741 973 3800 eadem
989 3743 1018 3817 (i.
1034 3760 1058 3801 e.
1074 3744 1105 3800 in
1121 3743 1335 3819 castrantur

148 3840 288 3916 primum
294 3847 423 3916 perquer
433 3841 632 3901 madentibus.
643 3890 649 3902 .
660 3887 666 3899 .
677 3843 753 3902 nibil
760 3844 889 3920 amplius
901 3863 989 3920 qnam
999 3844 1140 3903 continere
1147 3865 1176 3904 se
1185 3845 1301 3905 statuit.
1313 3891 1335 3904 ..

260 3959 284 4034 ³)
308 3960 367 4019 afr.
391 3960 420 4019 S.
443 3961 461 4018 l.
483 3962 502 4018 l.
528 3962 584 4020 Sed
597 3969 738 4022 extractus
751 3965 918 4023 rumanbus
932 3964 1027 4042 sabis,
1040 3965 1288 4041 quasaanapirati
1304 3970 1336 4023 ut

151 4082 222 4121 eum
256 4063 290 4121 in
317 4064 470 4138 publicum
498 4064 636 4138 elicerent,
668 4067 701 4124 de
729 4066 875 4125 industria
896 4067 1085 4143 dissiparant,
1104 4068 1211 4143 paneis
1234 4073 1336 4125 temere

152 4165 381 4241 adfirmantibm
403 4172 580 4225 transactum
601 4169 757 4244 neqotium,
781 4187 930 4244 ομμνεεεοτ
947 4169 999 4245 qni
1013 4169 1268 4242 tumultuarentur,
1284 4171 1334 4229 ad·

152 4268 251 4327 venire
271 4268 431 4344 frequentia
452 4275 555 4328 eeteros
573 4270 798 4345 yralrrlabundas
819 4276 845 4329 et
866 4271 900 4330 in
921 4290 1006 4330 amne
1019 4272 1187 4348 obsequium
1197 4279 1336 4348 paratam
