2978 4800
1166 220 1206 277 99

64 415 107 477 ut
149 411 253 489 solet,
294 430 360 478 nec
396 410 559 476 multum
595 409 765 487 mutavit,
800 414 842 474 ut
870 412 968 476 esset
995 408 1056 477 καὶ
1084 410 1202 505 μηδέν
1218 404 1252 496 ¹).

69 531 157 607 Quo
204 537 426 617 argumento
471 529 668 596 Paulinum
714 529 815 613 apud
860 533 1060 615 utrumque
1100 530 1154 596 uti
1190 550 1252 597 no-

63 650 182 718 tabile
220 653 285 726 est,
322 649 411 734 quia
446 668 580 734 parum
617 649 781 716 valuisse
821 653 975 715 constat.
1030 648 1125 715 Nam
1153 656 1251 735 post·

66 790 180 857 quam
211 769 371 837 Caecina
399 788 481 835 oum
510 769 664 855 triginta
684 768 833 835 milibus
855 773 1093 847 armatorum,
1112 769 1251 837 Valens

64 911 148 957 cnm
178 890 433 976 quadraginta
461 888 610 955 milibus
642 888 839 972 praemissi
869 893 1005 967 essent,
1034 908 1115 955 cum
1147 909 1251 956 sexa·

68 1011 171 1097 ginta
133 1009 356 1076 tmilibus
394 1009 572 1075 subsecut
558 1012 635 1074 tum
663 1027 745 1074 osse
774 1008 963 1074 Vitellium
992 1008 1095 1075 Tacit
1082 1016 1141 1075 tus
1170 1010 1251 1095 ipse

68 1134 197 1196 auctor
234 1122 343 1213 0119.
399 1129 457 1195 Ita
494 1129 537 1195 lit
571 1129 641 1194 hoo
667 1128 817 1194 locot
776 1132 817 1193 ut
845 1128 948 1194 Tacit
934 1134 1005 1207 t‚us
1035 1148 1117 1195 cum
1148 1149 1251 1197 exer·

64 1251 95 1316 oi
99 1256 176 1315 tum
209 1249 348 1315 Vitellii
376 1249 594 1315 universum
624 1247 824 1314 advenisse
852 1266 920 1313 nee
938 1247 1030 1313 mult
1017 1252 1094 1314 tum
1116 1249 1250 1316 virium

64 1373 226 1455 aergo
254 1386 337 1435 esse
370 1368 602 1434 demonstt
529 1371 612 1446 trat,
656 1372 847 1452 tamquam
889 1367 1098 1434 causidicus
1141 1369 1252 1454 scrip·

63 1490 161 1556 sisse
190 1488 374 1566 videatur,
401 1488 475 1572 qui,
494 1488 582 1554 dum
611 1486 915 1571 probabilitatem
944 1487 1122 1566 conciliet,
1142 1508 1250 1576 argu-

63 1612 192 1675 menta
233 1627 309 1674 non
351 1608 546 1692 ponderat.
605 1606 664 1672 Sic
695 1626 771 1673 non
799 1625 886 1672 raro
915 1607 1090 1692 antiquos
1118 1608 1250 1675 facisse

66 1747 158 1795 cons
161 1733 215 1795 tat
259 1727 449 1794 annalium
492 1727 703 1811 scriptores
747 1731 787 1792 ut
828 1745 934 1792 suam
976 1727 1013 1792 in
1050 1731 1249 1813 utramque

67 1853 212 1932 partem
248 1847 458 1914 disserendi
497 1846 652 1913 facultat
599 1849 711 1912 tatem
740 1849 799 1912 011
801 1853 863 1912 ent
866 1850 973 1912 arent
987 1839 1024 1926 3.)
1083 1848 1251 1932 Apparet

70 1969 195 2052 ipsum
224 1967 285 2033 hic
313 1966 479 2032 Tacitum
506 1967 712 2051 inspectum
742 1984 825 2031 esse
856 1985 876 2030 a
903 1965 1116 2045 Plutarcho,
1146 1987 1250 2052 prae-

71 2087 196 2153 sertim
233 2087 297 2171 qui
335 2105 410 2152 non
447 2086 564 2152 multo
600 2090 686 2152 ante
720 2088 923 2151 rectorem
953 2087 1169 2170 exposuerit
1197 2089 1247 2174 (v.

67 2207 196 2292 6—7).

170 2326 247 2392 Nee
288 2327 409 2391 minus
446 2330 568 2392 cetera
597 2326 732 2403 omnia,
754 2345 852 2410 quae
882 2327 983 2411 apud
1010 2326 1249 2394 Plutarchum

68 2448 250 2514 Paulinus
291 2447 486 2530 expromit,
462 2446 575 2512 tde
612 2446 738 2511 Facito
773 2450 838 2529 pot
840 2451 976 2511 uerunt
1010 2448 1113 2512 sumi
1169 2447 1250 2514 Sin·

67 2567 156 2654 gula
186 2570 415 2653 congruunt3
447 2570 558 2649 atque
587 2564 681 2630 adeo
710 2564 895 2630 simillima
925 2569 1012 2631 sunt
1040 2586 1074 2631 v.
1099 2567 1193 2631 12-
1202 2569 1247 2633 15

176 2802 201 2880 1)
235 2803 293 2862 on.
320 2802 353 2859 P.
381 2800 415 2860 G.
446 2803 484 2859 23
510 2821 536 2857 r.
560 2804 587 2873 6,
611 2801 659 2858 ubi
682 2793 1251 2880 1111100000οὠ01100001110010101

64 2913 188 2983 partum
212 2923 281 2964 esse
304 2922 420 2964 censeo,

175 3005 199 3079 2)
232 3005 282 3066 Sic
305 3007 381 3065 Hist.
404 3006 434 3063 11
458 3008 496 3064 87
521 3007 732 3081 interpretatur
753 3003 888 3063 Heraeus
911 3005 948 3062 ad
970 3005 985 3063 I
1009 3008 1057 3076 61,
1084 3005 1133 3062 ubi
1160 3005 1250 3064 Vitel-

64 3112 125 3170 lius
151 3110 304 3168 1010111010
327 3108 707 3181 101111101110101111011111;
731 3108 782 3165 clr.
806 3107 835 3165 11
858 3110 907 3166 57.
932 3142 971 3149 —
995 3107 1127 3184 Schiller,
1144 3105 1249 3166 Gesch.

65 3215 120 3273 der
153 3219 223 3272 rom.
254 3212 419 3270 Kaiserneit
442 3211 455 3268 Ι
478 3229 505 3287 p.
530 3213 589 3269 377
614 3227 672 3286 quo
707 3215 792 3285 pacto
827 3208 942 3267 Paulini
970 3210 1114 3268 rationem
1137 3211 1248 3286 probet,

66 3335 126 3376 non
151 3314 300 3390 intellego.
345 3313 455 3371 Parnm
482 3313 611 3371 dilucide
633 3310 897 3371 donamus-Girba]
921 3332 949 3388 p.
975 3314 1044 3372 146.

175 3417 199 3493 3)
226 3418 321 3476 Aliter
344 3415 558 3474 Gersteneoker
580 3415 647 3472 adn.
672 3414 895 3474 5611101111
920 3434 947 3490 p.
973 3417 1030 3473 121
1056 3415 1123 3474 adn.
1149 3418 1182 3473 1:
1205 3434 1249 3473 re-

67 3541 134 3580 rum
159 3521 334 3597 scriptorem
358 3520 433 3577 scire
459 3521 602 3593 potuisse,
626 3518 744 3592 quantis
768 3517 881 3575 viribus
905 3517 1045 3576 Vitellius
1067 3517 1247 3593 adventarit3

67 3643 136 3683 oum
163 3642 233 3682 vero
257 3620 415 3680 Othoniani
447 3621 579 3679 Bedriaci
608 3619 813 3694 deliberarent,
836 3620 864 3676 id
888 3621 1022 3693 ignotum
1047 3619 1146 3678 luisse.
1191 3619 1249 3678 Sed

67 3736 129 3786 tam
164 3726 323 3800 diligenter
357 3724 491 3782 Tacitum
525 3724 590 3798 ipsa
617 3722 733 3779 Paulini
758 3725 847 3780 verba
869 3722 1081 3780 transscribere
1105 3740 1164 3781 non
1187 3741 1248 3781 ere-

66 3830 208 3902 diderim;
241 3828 322 3904 quod
355 3826 472 3885 etiamsi
501 3825 579 3902 feeit,
602 3829 681 3883 certe
699 3841 814 3882 errasse
836 3823 995 3882 Paulinum
1020 3824 1248 3899 significandum

67 3938 140 3993 erat.
164 3967 206 3973 —
228 3930 314 4003 Quod
337 3930 479 3989 hocloco
502 3927 682 3986 Plutarchus
705 3928 827 4002 gravius
851 3928 939 3986 etiam
963 3934 1065 4003 peccat
1088 3946 1176 4003 quam
1192 3927 1247 3985 Ta·

67 4037 157 4112 eitun,
180 4054 218 4092 ex
241 4053 275 4092 eo
298 4033 420 4091 iudicari
444 4037 551 4108 potest,
573 4049 661 4106 quam
684 4030 757 4089 lalso
781 4030 890 4089 Nissen
912 4050 940 4106 p.
965 4032 1026 4089 5:20
1050 4030 1246 4088 contenderit:

67 4139 115 4197 »Ρ.
149 4136 181 4197 0.
216 4140 243 4209 8,
279 4138 296 4194 9
330 4136 410 4210 giebt
440 4138 499 4193 un's
534 4135 592 4192 den
626 4133 866 4191 unverlalsohten
901 4133 1022 4192 Bericht
1055 4134 1108 4190 der
1131 4131 1247 4204 Quelle»

67 4262 93 4301 a.
118 4261 145 4317 q.
174 4258 197 4298 s.
230 4239 289 4298 Clr.
311 4238 458 4297 Beckurts
482 4255 509 4313 p.
533 4239 573 4296 39
597 4254 670 4311 sqq.‚
694 4235 797 4309 Hardy
820 4255 848 4311 p.
873 4238 943 4312 249,
960 4236 1046 4293 Fabia
1062 4253 1089 4310 p.
1107 4236 1167 4294 298
1183 4253 1248 4310 sqq.
