2978 4800
1178 275 1216 333 83

186 464 301 531 6-9.
357 465 468 543 Haec,
496 483 593 549 quae
622 465 722 550 apud
751 469 950 549 utrumque
970 465 1187 531 Dolabellae
1206 485 1260 532 se·

80 584 205 668 posito
242 583 534 670 subiunguntur,
573 585 674 669 quod
708 589 813 651 tanto
840 603 953 670 opere
981 589 1204 671 congruunt,
1240 605 1260 652 e

80 703 209 770 Tacito
238 703 395 770 fluxisse
423 704 663 771 iudicandum
691 711 758 771 est.

186 822 327 889 9-11.
370 823 501 908 Neque
530 826 740 909 quicquam,
770 843 846 908 quo
873 824 996 891 minus
1023 825 1115 890 haec
1133 843 1258 891 mana·

81 943 206 1009 verint
233 942 280 1009 de
309 943 446 1022 Tacite,
476 944 631 1029 impedit
645 937 683 1029 1).

187 1063 351 1128 11-16,
411 1063 532 1130 Locus
573 1063 748 1130 Historiis
789 1064 994 1130 simillimus
1035 1065 1126 1149 quin
1167 1064 1253 1131 inde

80 1182 287 1249 translatus
324 1181 382 1259 sit,
420 1180 503 1247 lieri
539 1201 614 1248 non
648 1186 782 1268 potest.
838 1183 957 1274 Quem
985 1184 1087 1268 quod
1113 1184 1257 1250 Plutar-

79 1303 174 1368 chus
204 1300 292 1366 alibi
320 1301 425 1386 ponit
454 1306 566 1386 atque
594 1303 753 1382 Tacitus
784 1322 888 1369 error
915 1303 1013 1370 illius
1038 1304 1260 1371 statuendus

79 1425 138 1489 est
152 1413 191 1508 2).

189 1540 353 1608 16-17.
410 1541 513 1607 Haec
540 1543 628 1626 quia
656 1562 737 1608 cum
764 1543 845 1608 loco
876 1541 1045 1609 Suetonii
1068 1561 1258 1627 compara-

78 1661 220 1729 tionem
250 1660 449 1727 admittunt
478 1680 499 1726 a
527 1661 653 1728 Tacito
680 1664 829 1741 omissa,
859 1663 950 1729 satis
975 1663 1185 1749 argumenti
1204 1668 1261 1730 est

79 1801 100 1848 e
142 1779 365 1847 secundario
392 1780 495 1847 fonte
523 1800 605 1848 esse
632 1782 803 1849 derivata
816 1774 855 1868 3).
910 1782 1040 1867 Neque
1069 1788 1124 1849 est
1152 1783 1253 1868 quod

80 1900 322 1966 Plutarchum
360 1907 397 1966 et
424 1919 443 1966 e
472 1901 598 1967 Tacito
626 1906 735 1968 etex
763 1901 836 1969 alio
865 1908 1015 1968 auctore
1041 1902 1112 1968 hoc
1143 1908 1256 1987 caput
1285 1935 1289 1945 =

84 2038 278 2086 conserere
306 2020 473 2104 potuisse
503 2020 723 2088 abnuamus.

185 2139 227 2204 V.
260 2140 307 2205 17
316 2139 414 2206 -20
442 2159 462 2206 e
490 2141 624 2225 quovis
659 2146 808 2207 auctore
836 2145 1038 2226 potuerunt
1065 2141 1206 2208 hauriri
1220 2135 1259 2228 4).
1336 2151 1340 2162 '

183 2258 348 2325 20—33.
406 2260 505 2326 Talis
533 2261 761 2327 exercituum
788 2262 1018 2346 comparatio
1045 2261 1129 2328 licet
1152 2261 1257 2328 nulla

77 2379 298 2446 instituatur
326 2398 346 2444 a
375 2379 510 2457 Tacite,
548 2380 620 2446 alio
657 2385 780 2447 tamen
816 2380 920 2448 fonte
948 2401 1042 2467 opus
1070 2400 1146 2448 non
1175 2401 1256 2448 esse

83 2579 286 2588 .-.—.-—

184 2697 209 2773 1)
232 2699 307 2758 Nam
331 2699 411 2776 quod
432 2699 521 2758 Fabia
544 2719 572 2776 p.
595 2702 635 2760 48
659 2700 761 2759 scribit
783 2700 917 2759 Tacitum
940 2701 987 2760 hic
1003 2702 1171 2774 liberorum,
1187 2703 1260 2762 Plu·

77 2803 215 2862 tarchum
238 2803 375 2877 coniugis
398 2803 578 2861 mentionem
593 2803 696 2876 lacere,
712 2802 832 2862 Tacitus
848 2804 925 2862 hanc
939 2811 1150 2863 commemorat
1162 2805 1191 2863 ΙΙ
1203 2807 1259 2866 47.

76 2905 121 2964 De
146 2905 342 2981 dispositione
369 2904 522 2963 Plutarchi
545 2906 618 2964 bene
639 2905 725 2964 Fabia
747 2905 766 2963 l.
788 2907 817 2964 l.:
862 2906 908 2964 »P.
932 2952 938 2965 .
962 2952 968 2964 .
992 2953 998 2965 .
1020 2914 1068 2966 est
1089 2910 1193 2966 arnene
1219 2908 1258 2966 ici

76 3026 132 3084 par
154 3008 183 3066 la
204 3008 336 3066 mention
358 3009 394 3067 de
416 3008 449 3065 L.
473 3007 613 3066 Vitellius
636 3011 653 3066 a
674 3008 736 3066 dire
758 3026 792 3067 ce
814 3008 888 3085 qu'il
903 3011 961 3069 sait
983 3009 1024 3068 du
1048 3015 1112 3069 sort
1133 3011 1186 3070 des
1201 3029 1257 3069 au-

76 3116 141 3169 tres
157 3111 304 3168 membres
327 3110 414 3168 dela
437 3110 570 3169 tamilla».

182 3226 207 3306 ²)
239 3229 316 3288 Nolo
350 3231 486 3306 pluribus
517 3231 554 3289 de
581 3230 645 3290 loco
668 3236 866 3304 controverso,
888 3231 926 3290 ad
948 3250 1037 3308 quem
1059 3232 1256 3291 iudicandum

77 3331 143 3391 sola
165 3338 350 3391 momentum
373 3333 460 3391 habet
482 3350 597 3391 summa
618 3332 671 3391 illa
693 3333 865 3393 similitude.
899 3333 958 3393 on.
982 3333 1130 3394 Woelfflin
1153 3335 1255 3412 Oomp.

76 3453 106 3510 p.
130 3436 171 3493 46
195 3452 238 3511 sq.
282 3434 338 3494 Hic
361 3434 502 3494 Sabinum
533 3435 711 3494 Plutarchus
734 3436 850 3511 intexit,
874 3443 908 3495 ut
930 3437 1114 3513 propinquos
1136 3438 1257 3497 tuturo·

75 3555 145 3595 rum
179 3538 346 3614 principum
380 3538 550 3613 coniungat.
590 3533 739 3618 Ἀφεᾶετο
773 3534 803 3600 ti
835 3532 960 3620 Γάλβας
991 3531 1084 3601 αὐτόν
1106 3539 1204 3616 (»0nly
1227 3541 1259 3599 in

77 3639 130 3698 the
154 3657 243 3698 sense
265 3641 295 3699 of
317 3646 368 3699 not
390 3640 599 3716 reappointing
621 3641 697 3699 him»
719 3639 831 3716 Hardy)
854 3641 943 3700 adicit
966 3642 1045 3700 sicut
1067 3639 1100 3700 Ο.
1126 3645 1141 3700 1
1162 3661 1189 3701 v.
1207 3628 1258 3703 11,

182 3758 206 3835 ³)
237 3760 431 3820 Plutarchum
460 3760 496 3819 de
520 3758 646 3819 Othonis
670 3759 792 3818 Brixelli
816 3760 969 3819 mansione
991 3760 1100 3836 ipsum,
1122 3780 1191 3821 cum
1213 3762 1253 3821 ibi

77 3861 287 3921 deversaretur
317 3862 386 3941 (vid.
417 3863 449 3920 P.
481 3861 514 3922 Ο.
548 3862 607 3937 18),
639 3862 820 3938 comperisse
853 3863 987 3922 censenti
1020 3861 1251 3924 Gersteneckero

77 3982 107 4040 p.
133 3966 173 4023 55
195 3964 322 4024 libenter
354 3967 531 4040 accederem,
564 3965 622 4025 uisi
655 3971 736 4024 esset
758 3964 831 4023 illud
856 3965 937 4041 apud
959 3964 1146 4025 Suetonium.
1191 3966 1250 4026 Cir.

78 4065 113 4126 Ο.
140 4068 158 4125 8
182 4067 246 4125 init.

182 4182 207 4263 ⁴)
240 4185 333 4245 »tout
359 4186 430 4259 cela,
448 4187 481 4245 P.
503 4187 599 4246 aurait
620 4205 662 4263 pu
684 4187 712 4247 le
734 4188 805 4248 tirer
826 4189 863 4248 de
885 4187 931 4246 Τ.»
953 4189 1052 4265 (Fabia
1074 4207 1102 4265 p.
1125 4189 1186 4265 50).
1210 4224 1251 4233 —

78 4289 138 4348 Cir.
162 4287 377 4348 Gerstenecker
396 4289 464 4348 adn.
483 4291 533 4349 41.

490 4476 513 4515 θ
