2978 4800
196 256 255 314 142

253 445 363 512 dec.
418 445 498 511 Hoc
540 445 664 529 quivis
703 445 749 511 de
783 445 906 511 medio
942 445 1088 511 illorum
1124 449 1348 542 temporum,

151 566 309 650 scriptor
336 565 576 631 Plutarchum
606 565 739 631 docere
768 565 888 649 potuit
904 557 942 650 ¹).

254 685 392 751 8--11.
427 685 503 750 ,De
531 689 678 751 mortuo
707 683 855 752 Othone
883 703 965 750 cum
992 704 1062 769 pro
1082 704 1152 751 sua
1173 685 1334 770 quisque

149 805 327 871 facultate
360 805 536 871 decorum
565 805 707 889 aliquid
736 805 859 871 dicere
888 804 1083 884 studuerit,
1114 805 1256 870 nemini
1284 809 1330 871 ta-

149 943 234 991 men
275 925 498 991 Plutarchus
542 925 696 991 similior
724 930 780 990 est
808 943 921 1009 quarn
951 924 1088 990 Tacito.
1147 925 1245 990 Nam
1272 925 1325 990 ille

149 1045 276 1111 verbis
316 1035 370 1139 μὴ
405 1045 574 1138 χείρονας
613 1033 709 1140 μηδ’
755 1034 966 1127 ἐλάττους
994 1094 1002 1108 .
1033 1095 1040 1108 .
1072 1095 1080 1109 .
1112 1034 1203 1127 τοὺς
1234 1048 1322 1112 ἐπαι-

153 1160 325 1248 νοῦντας,
367 1183 457 1230 sane
499 1183 574 1230 non
612 1164 703 1230 satis
730 1163 895 1240 feliciter,
922 1163 1034 1229 huius
1063 1165 1319 1230 tantundem

151 1283 272 1348 donae
300 1282 429 1349 samue
456 1303 487 1349 e.
517 1303 552 1367 q.
583 1303 612 1348 s.
643 1284 851 1349 aemulatus
879 1288 935 1349 est
949 1275 986 1367 2).

256 1403 411 1469 11-13.
477 1404 507 1469 Ε
549 1403 652 1469 fonte
698 1403 883 1469 communi
930 1403 1050 1487 ipsam
1096 1421 1175 1468 rem
1220 1402 1314 1486 plane

151 1523 336 1607 expressit
363 1523 597 1601 Plutarchus
628 1524 776 1590 Tacitus
804 1523 928 1607 potius
955 1523 1098 1589 animos
1124 1513 1312 1605 militum3).

255 1643 407 1708 13-22
437 1648 473 1708 et
500 1644 667 1708 22--24,
723 1643 767 1708 In
794 1643 959 1708 hiscum
979 1642 1122 1708 nullum
1142 1647 1199 1708 est
1217 1641 1313 1708 fontis

151 1761 245 1827 alius
287 1768 426 1828 certum
466 1764 665 1850 vestigium
682 1757 708 1847 4)
746 1767 824 1829 tum
860 1762 1037 1829 Historiis
1065 1763 1169 1829 haud
1197 1780 1312 1848 parum

256 2015 278 2092 ¹)
303 2017 503 2091 Congruentia
526 2017 667 2092 praebent
689 2017 720 2073 in
743 2034 777 2074 eo
801 2034 931 2088 numero,
954 2034 1080 2092 quorum
1098 2033 1189 2091 opera
1203 2019 1317 2085 exstant,

149 2127 267 2196 praeter
289 2126 430 2196 qrrattuor
453 2119 521 2176 illos
544 2119 691 2194 Iosephus
714 2118 786 2176 Bell.
809 2118 874 2176 Iud.
898 2117 940 2175 IV
958 2121 985 2190 9,
1006 2119 1037 2192 9;
1062 2117 1205 2176 Aurelius
1228 2116 1319 2175 Victor

150 2222 233 2280 Caes
260 2225 286 2294 7,
309 2222 432 2296 (Victor)
456 2222 534 2297 Epit.
561 2224 592 2290 73
618 2222 779 2296 Eutropius
803 2220 861 2278 Vll
887 2223 935 2297 17,
959 2223 986 2279 3.
1009 2255 1050 2261 —
1073 2220 1216 2278 Suetonio
1239 2237 1319 2296 quani

150 2323 251 2382 Tacito
285 2324 464 2382 Plutarchus
493 2325 523 2382 in
546 2342 580 2382 eo
605 2325 729 2382 similior
759 2331 813 2394 est,
837 2324 916 2399 quod
939 2321 1084 2381 Othonem
1106 2330 1137 2381 et
1161 2330 1276 2398 septem
1296 2328 1322 2380 et

150 2427 272 2500 triginta
304 2445 399 2484 anuos
431 2427 489 2484 iam
523 2425 691 2501 complesse
727 2426 808 2493 dicit,
841 2425 915 2483 falso
939 2425 969 2482 id
993 2425 1115 2500 quidem
1135 2425 1199 2500 (cfr.
1223 2424 1325 2483 Lenius

149 2547 177 2604 p.
204 2529 262 2587 170
286 2529 354 2586 adn.
381 2531 417 2603 1),
440 2534 469 2587 et
493 2547 611 2587 menses
635 2535 696 2586 tres
719 2529 882 2602 imperasse
904 2527 996 2585 addit.

250 2630 273 2702 ²)
296 2630 363 2688 Non
387 2637 466 2689 recte
489 2630 652 2688 Mommsen
678 2649 704 2705 p.
728 2632 789 2688 316
813 2630 849 2687 de
872 2628 1050 2688 sententiola
1073 2627 1183 2686 Taciti:
1207 2647 1257 2687 »so
1280 2630 1328 2687 hat

149 2734 231 2792 diese
264 2733 386 2791 letztere
420 2733 557 2806 Fassuug
591 2751 671 2789 zwar
694 2733 777 2790 mehr
799 2731 904 2789 Pointe
926 2731 971 2789 als
995 2731 1043 2789 dic
1065 2741 1187 2803 erstem,
1209 2733 1329 2790 cherin

149 2835 201 2893 der
223 2834 298 2892 That
321 2835 361 2893 ist
385 2835 427 2893 sie
450 2834 561 2909 falsch;
586 2834 665 2892 deun
689 2834 783 2891 durch
807 2834 892 2892 keine
907 2833 1041 2892 einzelne
1057 2832 1178 2906 Unthat,
1195 2834 1249 2892 der
1265 2853 1329 2892 man

149 2938 196 2996 die
230 2936 388 2996 Grossthat
422 2938 521 2995 seines
554 2937 650 2995 Todes
673 2942 926 3010 entgegensetzen
950 2936 1069 3004 kdnnte
1091 2935 1133 2993 ist
1157 2935 1255 2995 Othos
1279 2938 1331 2996 Le-

149 3041 214 3112 ben,
248 3040 301 3098 dus
330 3059 404 3114 gana
439 3040 573 3114 gemeiue
606 3040 688 3098 eines
715 3039 813 3097 leeren
837 3039 898 3096 und
922 3043 1040 3096 wilsten
1064 3037 1272 3113 Hoiadlichen,
1294 3041 1333 3097 im

148 3143 341 3200 Besondcren
376 3142 567 3200 bezeichnet».
613 3140 694 3214 Quae
723 3141 843 3199 Tacitus
866 3141 1023 3199 denotaret
1044 3139 1183 3213 facinora,
1210 3141 1266 3200 Dio
1290 3144 1334 3200 in-

149 3244 276 3303 tellexit:
309 3237 532 3322 κακονργὸτατα
565 3238 614 3324 τὴν
647 3239 736 3324 ἀρχὴν
767 3236 907 3325 ἁρπάσας
936 3235 1043 3321 ἄριστα
1066 3235 1157 3323 αὐτῆς
1181 3239 1336 3326 ἀπηλλάγη

149 3347 211 3425 (cfr.
245 3345 374 3420 Norden,
404 3346 513 3403 Antike
542 3345 734 3421 Kunstprosa
756 3347 771 3404 I
795 3365 822 3421 p.
847 3347 907 3403 342
931 3345 998 3402 adn.
1025 3343 1064 3424 1).
1108 3344 1206 3402 Immo
1232 3348 1336 3405 verius

149 3450 204 3508 hoc
238 3448 391 3507 Taciteum
426 3467 514 3525 quam
549 3448 757 3506 Plutaroheum
787 3449 862 3506 illud
892 3448 1011 3505 ridetur
1034 3446 1205 3505 lVoelitlino
1230 3448 1338 3526 Comp.

149 3571 177 3628 p.
204 3554 251 3610 17.
275 3552 362 3609 Fabia
385 3570 413 3627 p.
437 3553 496 3611 ‘297
515 3558 544 3609 et
561 3553 621 3610 308
638 3551 707 3609 adu.
726 3553 739 3608 1
757 3571 773 3607 a
790 3550 984 3608 Mommsenio
1001 3567 1060 3607 non
1075 3551 1169 3607 ferme
1185 3551 1339 3610 dissentit.

252 3653 275 3729 ⁸)
299 3652 435 3715 Πλωτίου
458 3654 563 3728 scripsi
587 3672 640 3729 pro
664 3654 798 3712 codicum
819 3650 1000 3727 Πολλίωνος;
1017 3653 1070 3709 cfr.
1084 3651 1194 3710 lustus
1212 3653 1340 3730 Lipsius

148 3758 184 3815 ad
210 3757 285 3815 Hist.
308 3756 337 3813 ll
360 3758 411 3827 46,
432 3755 534 3829 Hardy
560 3775 587 3831 p.
612 3758 683 3814 ⁴274.
711 3791 744 3797 -
772 3754 880 3812 Clason
905 3773 933 3830 p.
960 3756 994 3812 11
1020 3772 1063 3829 sq.
1087 3754 1118 3810 in
1137 3753 1340 3816 Plutarchum

149 3860 281 3917 iniustus
304 3866 359 3916 est.
404 3858 486 3916 Bene
509 3859 595 3916 Fabia
618 3879 645 3934 p.
670 3860 730 3917 275
755 3877 799 3934 sq.

252 3960 275 4035 ⁴)
307 3961 374 4018 Non
403 3961 483 4018 enim
508 3980 641 4035 magnam
667 3962 726 4018 vim
750 3962 857 4018 habent
879 3956 928 4021 uui
950 3953 1112 4038 πυθόμενοι
1137 3993 1175 4001 -
1202 3957 1341 4043 cimanum

149 4066 201 4122 cir.
236 4064 380 4122 Praefatio
412 4063 448 4120 de
471 4059 569 4142 οἱμὲν
592 4097 632 4105 -
656 4062 683 4125 οἱ
704 4062 791 4124 δέκα)
815 4064 879 4138 ipso
911 4063 1072 4120 Plutarcho
1101 4080 1193 4137 saepe
1218 4066 1344 4126 additis.

149 4166 253 4242 Neque
274 4167 311 4224 ad
334 4159 349 4228 ὁ
373 4162 402 4228 δὲ
426 4199 465 4207 -
489 4164 646 4234 δοκοῦντας
668 4172 697 4224 et
721 4159 761 4234 ὦς
783 4162 812 4227 δὲ
835 4200 876 4206 -
898 4164 1025 4226 Κεκίναν
1046 4164 1124 4222 alius
1149 4165 1222 4225 tons
1239 4172 1344 4246 requi-

150 4269 270 4327 rebatur
293 4269 353 4345 (clr.
378 4269 464 4326 Fabia
488 4287 515 4344 p.
539 4269 604 4341 89);
620 4262 758 4347 τοῖςπερὶ
772 4260 823 4328 τὸν
837 4265 973 4340 Κεκίναν,
988 4268 1019 4324 in
1034 4285 1093 4342 quo
1110 4267 1212 4327 haesit
1228 4269 1346 4332 Lenius
