2978 4800
199 477 273 533 δυεῖν
305 463 397 530 ὅντων
430 463 510 545 αὐτῷ
537 466 635 546 ξιφῶν,
659 465 723 528 ina·

155 573 238 652 τέρου
279 564 487 648 κατεμάνθανε
523 562 556 630 τὸ
598 561 722 647 σπάσμα

154 671 243 737 πολὺν
274 666 385 754 χρόνον,
411 667 460 734 καὶ
488 665 523 733 τὸ
551 668 647 748 ἕτερον
670 666 722 731 ἀπ-

154 775 253 851 έδωκε,
275 769 405 853 θάτερον
420 769 449 836 δέ
464 772 504 843 εἰς
517 765 571 841 τάς
586 765 720 852 ἀγκάλας

153 870 310 960 ἀναλαβών
320 876 343 952 ¹)

198 983 281 1040 4-8
297 976 364 1049 τοὺς
379 977 492 1048 οἰκέτας
506 982 719 1057 προσεκαλεῖτο.

153 1078 217 1144 Καὶ
250 1073 512 1161 φιλοφρονούμενος
534 1078 639 1158 διένεμε
661 1078 720 1141 τῶν

151 1178 310 1266 χρημάτων
340 1181 382 1260 τῷ
415 1179 466 1262 μέν
495 1180 589 1256 πλέον,
620 1180 662 1258 τῷ
689 1178 720 1244 δέ

152 1285 281 1360 έλαττον,
325 1279 376 1364 οὐχ
420 1278 516 1362 ὥσπερ
561 1279 720 1363 ἀλλοτριόον

154 1383 290 1466 ἀφειδῶν,
314 1382 390 1449 ἀλλά
417 1380 451 1449 τὸ
474 1383 539 1448 κατ’
564 1381 648 1460 ἀξίαν
670 1381 719 1448 καὶ

154 1485 188 1552 τὸ
226 1488 341 1570 μέτριον
378 1487 516 1567 ἐπιμελῶς
556 1481 636 1567 φυλά

151 1587 345 1670 Ἀποπέμφας
368 1587 398 1653 δὲ
419 1584 573 1666 τοέτουςῖ)

198 1694 301 1752 8-10
324 1686 375 1773 ἤδη
397 1685 431 1755 τὸ
446 1684 544 1755 λοιπὸν
558 1686 718 1755 ἀνεπαύετο

152 1794 204 1874 τῆς
218 1787 332 1867 νυκτός,
345 1789 419 1857 ὥστε
436 1788 504 1864 τοὺς
519 1789 720 1864 κατευναστὰς

155 1891 359 1959 αἰσθάνεσθαι
392 1897 509 1978 βαθέως
532 1891 623 1959 αὐτοῦ
645 1905 718 1958 καθ-

152 1994 326 2071 εὐδοντος3).

199 2103 322 2160 10-26
358 2095 487 2181 ’Όρθρου
527 2099 556 2164 δὲ
592 2101 719 2171 καλέσας

152 2197 357 2283 ἀπελεύθερον,
372 2192 397 2280 ᾦ
411 2197 582 2284 συνδιῴκησε
604 2196 643 2265 τά
655 2198 718 2283 περὶ

152 2297 219 2372 τοὺς
248 2299 458 2384 συγκλητικούς,
493 2313 600 2385 μαθεῖν
632 2330 718 2389 προσ-

152 2405 248 2481 έταξε·
262 2401 311 2469 καὶ
325 2402 488 2486 πυθόμενος
502 2407 644 2489 γεγονέναι
658 2417 718 2478 τοῖς

153 2503 355 2590 ἀπερχομένοις
389 2500 428 2572 ὧν
459 2509 580 2579 ἕκαστος
606 2507 718 2592 ἔχρῃζεν

152 2603 225 2685 ,J‘toi
257 2612 368 2674 τοι’νυν“
397 2611 449 2694 ἔφη
480 2608 543 2688 ,,σέ,
570 2609 619 2675 nai
645 2613 718 2677 ποιέι

151 2721 213 2781 τοῖς
237 2709 429 2792 στρατιώταις
451 2715 564 2798 ἐμφανῆ
586 2710 717 2791 σεαυτόν,

152 2813 178 2875 εἰ
209 2811 246 2895 μὴ
277 2815 372 2887 θέλεις
408 2818 506 2888 κακῶς
538 2813 585 2882 ἀπ’
621 2814 718 2880 αὐτῶν

153 2911 314 2979 ἀποθανεῖν
337 2914 376 2988 ὠς
398 2916 459 2999 ἐμοὶ
481 2916 655 3002 συμπράξας·
668 2916 718 2982 τὸν

152 3012 315 3081 θάνατον.“
350 3016 534 3094 Ἑξελθέντος
556 3021 585 3086 δὲ
602 3022 654 3086 τοῦ
671 3019 718 3085 ἀν·

152 3115 274 3198 θρώπου
295 3117 330 3183 τὸ
349 3122 430 3202 ξίφος
444 3118 611 3207 ἀποστήσας
626 3121 718 3210 ὀρθὸν

153 3218 332 3306 ἀμφοτέραις
362 3234 427 3296 ταῖς
455 3224 535 3308 χερσὶ
568 3224 617 3292 nai
644 3256 719 3314 περι-

152 3321 249 3386 πεσών
271 3321 387 3390 ἀνωθεν
405 3323 473 3392 ὅσον
488 3325 568 3406 ἅπαξ
582 3327 719 3410 στενάξαι

151 3419 240 3504 μόνον
271 3423 381 3508 ᾔσθετο
404 3431 456 3495 τοι]
478 3427 566 3496 πόνου
589 3430 719 3506 καὶτοῖς

153 3525 235 3599 ε’κτὸς
257 3527 394 3613 αἴσθησιν
416 3535 565 3616 παρέσχεν.
599 3537 719 3618 'tinans'-

1236 280 1295 338 135

821 466 893 525 Τιοιι
916 466 1021 524 adlatis
1030 465 1211 541 panionibns
1226 462 1338 546 <dno-

774 563 879 649 aas),
903 586 967 626 oum
984 573 1139 643 unumque
1148 573 1335 643 pertemptas·

773 676 823 742 set,
846 670 967 728 aitenem
990 670 1079 746 sopiti
1099 670 1234 728 subdidit.

815 977 843 1035 II
866 979 906 1036 48
925 977 1067 1061 μεεακιοε
1088 977 1235 1048 distribuit
1251 996 1337 1053 poree

771 1097 821 1138 neo
842 1084 874 1137 nt
891 1080 1050 1154 peritmns.

813 1692 907 1752 1149
941 1699 1050 1753 nooiem
1084 1694 1220 1769 quietam,
1250 1699 1336 1770 nique

770 1796 954 1870 adfirmatur,
985 1816 1045 1856 non
1076 1797 1241 1856 insomnem
1264 1797 1335 1872 eoit:

813 2105 872 2165 tuoe
900 2105 1002 2181 prima
1032 2105 1066 2162 in
1093 2105 1207 2179 semum
1224 2111 1335 2179 nestore

770 2208 908 2267 iinubnit.
953 2207 1000 2266 Ad
1018 2207 1162 2281 auaitum
1183 2207 1334 2266 morientis

769 2311 895 2386 inmessi
917 2311 1010 2368 liberti
1031 2311 1158 2386 sanique
1180 2316 1205 2368 et
1221 2310 1336 2368 Plotius

769 2415 891 2471 Firmius
908 2413 1051 2488 praetorii
1058 2413 1225 2488 praefectus
1240 2431 1335 2471 unum

769 2515 876 2573 uulnus
893 2515 1030 2573 inuenere.
1066 2514 1230 2572 Cfr.etia1n
1248 2515 1334 2574 1153

770 2618 919 2676 Bononiae
944 2664 949 2676 .
975 2663 980 2674 .
1005 2663 1012 2676 .
1034 2617 1227 2691 intemoaatns
1248 2617 1333 2675 Otto-

770 2721 819 2778 nis
841 2721 958 2778 tibertus
979 2737 1100 2778 oausam
1121 2719 1269 2794 diaressns
1283 2719 1334 2777 ba·

769 2825 830 2882 bere
861 2843 891 2882 se
923 2841 1060 2899 suprema
1097 2823 1160 2880 eius
1196 2823 1334 2881 mandata

769 2925 914 3001 respondit
921 2946 934 2999 ;
949 2927 1049 3001 ipsum
1064 2925 1203 2983 uiuentem
1218 2925 1333 3000 quidem

768 3029 909 3100 retiatum,
928 3027 982 3109 sed
996 3027 1058 3085 sola
1070 3027 1249 3102 posteritatis
1265 3046 1334 3085 οιινα

769 3137 794 3190 et
830 3131 961 3206 abruptis
1000 3131 1073 3188 oitae
1118 3129 1331 3188 blandimentis.

256 3788 278 3865 ¹)
302 3791 361 3850 Cir.
385 3792 467 3852 Suet.
492 3792 524 3852 0.
551 3797 586 3853 11
613 3796 682 3854 Post
704 3797 756 3855 boo
777 3797 874 3854 sedata
895 3796 947 3854 siti
966 3796 1074 3871 aolidae
1095 3815 1186 3872 aquae
1204 3796 1330 3871 potione,

151 3892 277 3967 arripnit
299 3894 372 3952 daos
391 3896 533 3970 puaiones
554 3903 580 3955 et
602 3899 746 3973 ουμίοναλο
767 3900 919 3975 utriusque
941 3900 1008 3977 aene,
1030 3917 1097 3957 oum
1121 3898 1243 3956 aiterum
1261 3898 1328 3972 μυλ-

151 3993 219 4052 eino
240 3996 412 4054 subdidisset
435 4043 440 4054 .
465 4044 471 4056 .
496 4043 502 4054 .

254 4094 277 4171 ²)
312 4099 371 4158 cfr.
406 4100 487 4160 Suet.
521 4100 554 4160 O.
590 4104 627 4162 10
661 4103 770 4161 Dimsit
792 4110 816 4161 et
838 4104 975 4180 pecunias
1003 4103 1167 4162 domesticis
1196 4122 1230 4161 ea
1251 4104 1332 4178 eopia

148 4201 301 4274 piamenti.
347 4202 390 4261 De
413 4202 507 4262 Dione
531 4204 589 4263 vid.
613 4223 642 4280 p.
670 4207 726 4264 131
752 4206 819 4264 adn.
847 4209 862 4266 1
887 4213 968 4283 etp.
993 4209 1052 4266 138
1076 4207 1145 4264 adn.
1172 4208 1198 4265 1.

254 4303 277 4371 ³)
301 4304 359 4362 afr.
389 4304 471 4363 Suet.
500 4303 533 4363 Ο.
559 4309 593 4365 11
620 4307 733 4382 foribus
755 4308 898 4383 adopertis
920 4309 1070 4368 artissimo
1093 4328 1196 4367 somno
1218 4310 1330 4384 qniemt.
