2978 4800
195 279 254 336 118

154 469 339 554 legionem
367 468 697 534 unetvicensimam
729 467 845 533 robur
864 466 1048 532 exercitus
1069 465 1258 532 Caecinae
1278 485 1338 532 ro·

157 594 231 668 cat;
273 593 314 654 ut
352 593 534 672 appareat
570 587 662 653 haec
702 587 784 672 ipsa
825 589 943 652 cetere
982 586 1111 672 plocio
1154 586 1336 672 16316613,

152 728 250 794 6666
288 708 334 774 ad
372 700 531 792 legionis
566 707 836 792 antiquitatem,
866 724 941 771 non
971 706 1018 771 ad
1047 707 1197 772 senium
1227 707 1338 793 legio·

151 829 355 905 nariorum,
383 826 582 892 referenda
612 831 730 903 erant,
760 845 781 891 a
810 825 1010 891 Plutarcho
1033 845 1243 910 perperam
1264 827 1338 893 red·

151 948 228 1015 dita
257 940 391 1030 esse1).
437 947 542 1022 Quae
570 945 667 1012 idem
696 946 883 1012 contraria
911 946 1035 1029 posuit
1062 945 1137 1011 illis
1158 935 1337 1034 eriperetur

152 1066 213 1135 καὶ
250 1059 403 1155 6166061,
440 1086 537 1151 6666
566 1086 612 1132 ex
641 1066 742 1133 feroc
769 1070 803 1132 ot
830 1067 920 1132 nori
947 1066 1093 1132 decoris
1123 1066 1255 1132 avido
1283 1086 1337 1132 ex-

152 1192 322 1253 torserat.
379 1187 510 1270 Neque
552 1205 650 1271 quae
691 1191 886 1270 praeterea
929 1185 1072 1253 addidit
1109 1185 1335 1252 Plutarchus

153 1305 255 1372 aliud
295 1312 382 1373 sunt
418 1326 529 1390 quam
564 1311 783 1373 ornamenta
812 1305 1030 1373 elocutionis
1044 1298 1082 1390 ⁹).

254 1426 418 1493 28-36.
475 1425 617 1512 Pugna,
662 1445 775 1511 quam
816 1425 964 1491 Tacitus
1001 1425 1038 1491 ΙΙ
1071 1425 1122 1492 43
1159 1426 1335 1492 describit

153 1546 224 1611 alia
256 1565 338 1612 6336
367 1545 516 1612 videtur
545 1552 657 1630 atque
686 1565 738 1624 ea,
766 1546 813 1612 de
841 1565 915 1629 qua
945 1550 981 1612 et
1007 1545 1087 1630 ipse
1113 1545 1218 1612 dixit
1237 1547 1274 1612 ΙΙ
1293 1547 1332 1612 35

152 1670 188 1731 et
224 1665 444 1732 Plutarchus
483 1665 524 1732 0.
564 1658 664 1748 103).
721 1666 826 1741 Quae
862 1665 988 1750 prodit
1015 1664 1183 1742 Tacitus,
1214 1686 1331 1733 eorum

155 1805 287 1851 sensus
325 1792 423 1852 recte
460 1785 685 1870 explanatur
714 1805 734 1850 6
762 1785 1005 1851 Mommsenio
1019 1777 1062 1869 4);
1102 1786 1329 1871 gladiatores

151 1905 396 1985 Othonianos,
418 1925 500 1971 cum
521 1925 540 1971 6
560 1904 721 1971 navibus
738 1906 773 1971 in
795 1905 982 1971 sinistram
1003 1904 1098 1972 Padi
1119 1906 1252 1991 ripam
1271 1908 1328 1974 exi-

150 2030 242 2104 rent,
270 2045 290 2091 a
319 2025 534 2092 cohortibus
562 2026 600 2090 in
629 2025 711 2108 ripa
739 2025 925 2091 stantibus
953 2025 1171 2109 prohibitos
1206 2021 1325 2111 63361).

151 2244 227 2302 their
250 2245 366 2319 prime».
412 2243 515 2319 Neque
547 2250 744 2302 veteranorum
767 2244 925 2320 appellatio
948 2262 1016 2301 cum
1040 2243 1147 2303 multis
1175 2246 1255 2305 locis
1275 2254 1324 2304 tum

152 2345 189 2403 H.
212 2346 226 2403 l
250 2349 288 2405 68
313 2347 369 2404 nisi
394 2346 509 2404 laudem
535 2348 636 2421 habet3
660 2349 712 2406 cfr.
738 2346 873 2405 Orellius.

254 2464 275 2539 ¹)
299 2465 404 2524 Totum
429 2467 520 2541 igitur
541 2465 655 2528 πολλῶν
678 2459 797 2548 ἀγώνων
819 2459 935 2540 ἐθάδες,
957 2459 1007 2545 ἤδη
1026 2461 1055 2526 δὲ
1070 2462 1192 2545 γηραιοὶ
1209 2463 1259 2530 uui
1273 2491 1327 2546 666·

150 2567 330 2648 caprigenae
352 2587 368 2627 e
390 2574 477 2626 661666
497 2568 589 2642 plotio
610 2568 738 2643 insipais
760 2575 862 2626 natum
887 2586 954 2626 esse
977 2567 1144 2626 tenendum
1172 2577 1225 2629 est
1240 2576 1327 2629 contra

151 2670 310 2745 Groagium
334 2690 362 2746 p.
389 2673 458 2730 759.
482 2707 520 2713 —
546 2671 678 2729 Tacitum
701 2690 718 2728 a
741 2671 899 2729 Plutarcho
922 2670 1108 2746 exscriptum
1133 2671 1198 2731 hoc
1221 2687 1328 2749 quoque

150 2774 256 2832 indicio
278 2782 334 2848 est,
355 2775 436 2850 quod
459 2792 527 2832 cum
551 2774 599 2832 ille
623 2774 697 2832 ialso
720 2774 867 2848 legionem
891 2774 1015 2848 primam
1039 2791 1101 2830 non
1115 2781 1189 2832 66616
1203 2775 1238 2834 in
1252 2775 1327 2833 6666

151 2876 299 2934 deductam
322 2877 392 2935 dicit
416 2877 493 2953 (nam
518 2876 548 2933 II
571 2878 611 2934 ‘24
634 2876 744 2951 proelio
762 2875 1330 2954 661063166666161661611),6666116666

152 2979 230 3036 idem
265 2979 389 3037 recurrit
410 2997 504 3037 error:
533 2979 658 3057 πολέμου
681 2974 710 3039 δὲ
733 2972 780 3039 καὶ
799 2973 893 3059 μάχης
914 2971 980 3039 τότε
1001 2976 1119 3056 πρῶτον
1139 2989 1250 3062 πεῖραν
1270 2983 1331 3057 λαμ·

148 3074 295 3161 daromae.

251 3197 277 3272 2)
304 3200 345 3257 Ut
374 3195 462 3262 66116·
483 3195 596 3281 χρόνον,
619 3201 698 3276 quod
721 3220 737 3257 a
761 3201 845 3258 Fabia
868 3218 896 3274 p.
922 3202 958 3258 11
985 3218 1029 3274 36.
1053 3202 1155 3275 magni
1194 3200 1331 3261 momenti

152 3302 276 3359 habetur
298 3304 360 3378 (cir.
385 3300 418 3360 Ο.
445 3306 480 3361 11
507 3323 533 3360 v.
558 3306 576 3362 3
599 3297 688 3366 πολὺν
708 3297 831 3384 χρόνον).

254 3419 280 3496 3)
304 3422 361 3480 cfr.
385 3422 471 3480 Fabia
495 3441 522 3498 p.
547 3425 585 3482 l2
609 3424 676 3480 adn.
700 3425 728 3481 2.
772 3423 806 3480 ln
831 3441 932 3481 eorum
957 3431 1056 3480 tamen
1073 3425 1273 3497 sententiam.
1288 3425 1332 3501 qui

151 3541 188 3598 (16
211 3541 310 3599 eadem
336 3560 434 3618 pugna
457 3543 503 3616 agi
527 3551 660 3613 censent,
683 3562 778 3618 nuper
801 3543 920 3601 iverunt
943 3541 1091 3600 Woelfflin
1116 3543 1228 3622 Comp.
1254 3565 1283 3622 p.
1299 3549 1332 3604 41

152 3662 196 3718 36.
230 3650 260 3702 et
293 3642 565 3702 Constans-Girbal.
609 3645 674 3702 Hoc
708 3645 754 3703 rel
789 3645 918 3702 maxime
941 3664 957 3703 e
980 3651 1081 3704 nostra
1104 3663 1136 3703 re
1162 3655 1266 3724 esset3
1290 3650 1335 3708 ch.

148 3745 249 3820 Lange
273 3765 300 3820 p.
324 3748 372 3803 24.

250 3866 274 3940 4)
306 3866 337 3922 P.
362 3866 432 3924 300.
478 3867 689 3925 Dissenserunt
723 3867 786 3925 sine
819 3867 925 3925 idonea
947 3884 1037 3924 66636
1060 3865 1294 3932 Gerstenecker
1315 3891 1338 3948 p.

150 3971 188 4026 35
211 3987 275 4044 sqq.
299 3976 328 4026 et
351 3968 457 4026 Leuius
480 3987 507 4044 p.
534 3971 592 4027 148
617 3986 680 4045 sqq.

251 4090 273 4162 ··’“)
296 4088 395 4146 Verbo
421 4094 604 4146 transractom
630 4087 844 4147 Gersteneclrer
866 4089 1007 4147 inductus
1029 4095 1084 4163 est,
1101 4097 1138 4149 ut
1156 4094 1340 4168 gladiatores

150 4193 179 4248 in
207 4200 314 4250 terram
338 4209 485 4266 egressos,
508 4209 575 4249 cum
599 4191 715 4266 longius
739 4192 899 4267 prodirent,
922 4210 939 4249 a
961 4191 1083 4249 Batavis
1107 4194 1148 4252 ad
1170 4199 1275 4275 ripam
1293 4221 1341 4280 pn·

150 4299 225 4351 taret
258 4311 325 4352 6336
359 4294 504 4368 repulsos,
540 4297 578 4352 At
612 4295 663 4352 illa
697 4312 767 4352 voce
799 4294 978 4368 gladiatores
1012 4294 1048 4352 ad
1083 4295 1186 4372 ripam
1226 4311 1342 4365 tantum
