2978 4800
1180 272 1288 333 '31

194 466 279 524 4-6
314 455 382 531 τοὺς
415 457 445 524 δὲ
477 459 627 531 πλείστους
647 454 718 537 ὑπὲρ
813 461 828 518 Ι
853 462 891 519 14
913 460 1031 519 comitia
1051 461 1176 536 imperii,
1201 461 1258 537 vid.
1282 479 1332 520 su·

147 563 279 637 Ὄθωνος
302 557 588 645 ἀρχαιρεσιάζοντας,
612 552 652 624 ὦν
674 555 719 624 οδ·
771 581 832 639 pra.

150 670 265 747 δίπυρον
286 665 452 745 ἐδοκίμαζεν
474 659 570 738 αὐτός,

194 772 279 831 6--9
321 762 406 847 dara
450 763 535 848 μηδὲν
576 759 720 848 προειπιδν
814 768 827 825 Ι
853 768 892 827 14
919 786 1016 842 panea
1044 768 1198 842 praefatus
1225 767 1258 826 de
1279 786 1335 825 sua

150 871 360 952 μετεπέμψατο
395 867 544 943 Πείσωνα,
573 861 719 947 Κράσσου
770 874 915 943 senectute,
933 868 1071 927 Pisonem
1083 868 1274 926 [Asinianum
1287 887 1334 926 ar-

154 968 203 1036 καὶ
236 969 420 1053 Σκριβωνίας
450 968 572 1052 ἔκγονον,
591 964 640 1040 οὓς
663 967 720 1033 Νέ·
770 971 842 1030 sessi
863 971 939 1028 iubet
955 1016 961 1028 .
977 1016 983 1029 .
1001 1017 1007 1028 .
1024 970 1095 1028 Piso
1117 969 1156 1027 M.
1184 969 1288 1028 Orasso
1310 975 1336 1028 et

149 1102 209 1158 ρων
231 1067 380 1154 ἀνῃρήκει,
403 1072 519 1135 νεανίαν
541 1072 574 1134 ἐν’
591 1071 626 1151 τῇ
648 1065 720 1153 πρὸς
774 1073 924 1132 Scribonia
952 1073 1075 1147 ueritus,
1099 1073 1205 1131 nobilis
1226 1074 1334 1130 utrim·
1394 1096 1396 1101 ·

150 1177 254 1240 πᾶσαν
284 1167 386 1256 ἀρετὴν
415 1169 520 1257 εὐφυΐᾳ
544 1168 579 1237 τδ
599 1167 720 1251 κόσμιον
771 1195 831 1252 ραν,
846 1176 927 1234 outtu
941 1175 1095 1250 habituque
1106 1175 1333 1252 marisamebui,

150 1273 202 1342 καὶ
234 1270 378 1357 αὐστηρὸν
411 1276 617 1356 ἐμφανέστατα
647 1273 720 1355 ἐχον·
770 1297 804 1355 ea
821 1277 1020 1336 aestimatione
1034 1282 1108 1335 reeta
1123 1294 1245 1343 severus,
1261 1277 1332 1336 dete·

149 1394 203 1442 τα·
216 1377 241 1458 1)
770 1381 835 1438 rius
856 1379 1109 1456 interpretantibus
1126 1378 1237 1438 tristior·
1251 1379 1334 1437 babe-

771 1484 862 1541 batur.

108 1615 111 1618 ⁴
198 1586 301 1644 9-17
338 1577 387 1645 nai
421 1582 589 1663 κατέβαινεν
621 1582 660 1652 είς
685 1577 719 1644 τὸ

151 1678 351 1766 στρατόπεδον
366 1684 470 1746 ἐκεῖνον
479 1678 637 1758 ἀποδείξων
647 1682 720 1746 Καί·

153 1809 238 1866 σαρα
259 1781 306 1848 καί
329 1790 472 1865 διαδοχον.

198 1987 305 2050 Καίτοι
315 1982 441 2069 μεγάλαι
452 1984 504 2067 μὲν
519 1984 609 2059 εὐθὺς
620 1983 720 2064 ἐξιόντι

153 2088 299 2169 διοσημίαι
319 2085 572 2171 παρηκολούθουν,
598 2087 719 2173 ἀρξαμέ-

151 2215 202 2253 νου
226 2186 256 2252 δέ
278 2186 317 2254 τοὶ
339 2188 389 2272 μὲν
412 2192 500 2272 λέγειν
522 2193 550 2254 ἐν
571 2193 614 2270 τῷ
635 2217 720 2276 στρα-

149 2294 274 2370 τοπίδῳ,
289 2287 328 2356 ‘cd
342 2291 371 2356 δὲ
388 2290 600 2375 ἀναγινώσκειν,
618 2321 721 2359 τοσαυ-

150 2391 239 2466 τάκις
269 2395 424 2478 ἐβροντγσε
447 2392 495 2459 καὶ
517 2419 720 2480 κατηστραιγε,

155 2493 205 2560 καὶ
236 2497 376 2569 τοσοῦτος
409 2493 515 2582 ὄμβρος
547 2497 597 2564 καί
631 2497 721 2579 ζόφος

157 2598 275 2682 ἐξεγυθη
309 2599 350 2670 εἰς
381 2596 416 2664 τὸ
448 2609 645 2682 στρατοπεδον
671 2598 721 2665 καὶ

153 2695 206 2782 τὴν
226 2697 322 2776 πόλιν,

197 3515 238 3592 obe
272 3528 438 3605 καταδγλον
470 3524 542 3587 εἶναι
572 3519 610 3605 μέγ
635 3547 721 3606 προσ-

814 1586 828 1645 Ι
853 1589 890 1645 17
940 1585 1139 1644 Consultatum
1176 1584 1249 1655 inde,
1277 1602 1335 1659 pro

770 1689 875 1748 rostris
907 1707 946 1746 an
974 1688 1008 1745 iu
1030 1694 1133 1746 senatu
1155 1706 1194 1745 an
1216 1687 1250 1745 in
1271 1705 1334 1745 aas·

772 1792 825 1848 tris
847 1791 961 1866 adoptio
984 1795 1209 1864 nuncuparetur.
1244 1789 1287 1846 Iri
1301 1789 1335 1845 in

771 1900 864 1952 eastra
881 1893 992 1969 placuit
1015 1937 1021 1950 .
1046 1937 1052 1949 .
1075 1937 1081 1951 .

814 1997 828 2055 Ι
853 1995 891 2056 18
918 1995 1062 2063 Quartum
1083 1995 1151 2052 idus
1170 1992 1335 2070 Ianuarias,

771 2099 888 2175 foedum
917 2097 1060 2156 imbribus
1091 2097 1178 2170 diora,
1208 2096 1336 2155 tonitruo

772 2209 797 2261 et
818 2203 937 2278 futano
951 2207 977 2259 et
991 2201 1118 2258 eoelestes
1140 2199 1238 2257 minoe
1258 2199 1336 2257 uitro

772 2305 892 2364 solitum
916 2304 1104 2361 turbauerant.
1147 2302 1336 2361 Observatum

772 2407 804 2466 id
824 2406 986 2481 antiquitus
1012 2405 1142 2463 comitiis
1163 2405 1336 2462 dirimendis

772 2528 832 2567 non
866 2508 967 2565 terruit
1001 2508 1123 2565 Gabbam
1152 2526 1208 2582 quo
1234 2507 1337 2565 minus

768 2611 806 2678 in
837 2616 932 2668 eastra
955 2615 1092 2684 perqeret,
1115 2614 1335 2684 contemptorem

773 2712 877 2770 tatium
898 2717 931 2769 ut
952 2710 1158 2786 fortuitorum·
1187 2728 1238 2767 seu
1264 2728 1337 2784 quae

772 2816 833 2891 fato
854 2819 982 2885 manent,
1005 2811 1140 2888 quamuis
1160 2811 1335 2886 sianisinnto,

774 2935 833 2974 non
865 2917 1001 2974 vitantur.
1045 2913 1133 2991 Apud
1160 2916 1335 2989 frequentem

772 3019 903 3076 militnm
945 3018 1106 3077 bontionem·
1149 3015 1337 3091 imperatoria

773 3120 904 3179 breuitate
936 3119 1069 3194 adoptari
1098 3137 1116 3177 a
1146 3137 1176 3176 se
1199 3118 1337 3176 Pisonem

772 3223 897 3298 exempto
912 3223 972 3280 diui
986 3222 1113 3296 Anausti
1127 3226 1152 3280 et
1167 3239 1246 3279 more
1256 3221 1336 3279 miti-

773 3325 839 3394 tari,
874 3343 930 3400 quo
952 3325 997 3383 uir
1018 3323 1115 3382 uirum
1138 3323 1246 3397 beonet,
1266 3341 1337 3397 γινο-

773 3427 890 3485 nuntiat
913 3473 919 3486 .
944 3472 950 3484 .
974 3474 980 3487 .

816 3530 938 3605 (reperio
950 3530 981 3587 in
995 3529 1127 3588 oratione
1139 3526 1336 3587 OthonisI38

152 3623 263 3702 ιίμενον
285 3623 354 3706 μηδὲ
376 3626 509 3689 ἐπαινοῦν
522 3620 556 3689 ab
571 3621 721 3706 δαιμόνιον
772 3631 894 3703 metistis,
904 3629 1123 3693 commilitones,
1135 3629 1257 3687 notabili
1268 3634 1337 3687 tern-

260 3896 284 3967 1)
307 3899 366 3958 afr.
390 3899 472 3958 Suet.
495 3898 529 3960 G.
555 3903 592 3961 17
617 3902 756 3963 Pisonem
777 3904 870 3980 δίειμί
891 3904 1092 3976 Licinianum,
1115 3905 1240 3964 nobilem
1262 3922 1337 3979 eoro-

151 4000 292 4077 ⁸aiumque
324 4002 456 4061 iuuenem
479 4021 512 4060 aa
533 4003 590 4061 sibi
620 4005 691 4064 otim
713 4007 958 4082 probatissimum
985 4013 1204 4084 testaunntoque
1226 4025 1337 4082 semper

152 4103 188 4160 in
210 4103 285 4161 bono
307 4109 332 4161 et
353 4123 459 4163 nomen
481 4105 633 4178 adscitum,
667 4116 779 4185 repente
801 4110 932 4169 emedio
964 4110 1157 4168 salutantium
1181 4111 1264 4168 turba
1285 4127 1336 4184 ομ-

149 4204 317 4316 prebeudit3
341 4206 396 4264 Dio
420 4205 518 4265 LXIV
541 4209 559 4266 5
581 4213 712 4272 Λουκιον
738 4211 871 4287 Πίσωνα,
904 4211 1052 4276 νεανίσκον
1085 4209 1189 4294 εὐγενῆ,
1223 4211 1336 4292 ἐπιεικῆ,

155 4330 305 4389 φρονιμον,
327 4306 493 4388 ἐποιγσατο.
