2978 4800
1198 231 1237 288 35

96 432 159 503 tur
170 419 209 510 l).
239 425 283 492 Id
304 430 439 504 autem,
456 424 514 491 cui
534 424 598 489 uni
618 423 710 489 nihil
729 423 767 488 in
787 423 962 490 Historiis
982 424 1197 508 respondet,
1215 411 1282 502 οὓς

98 548 231 637 Νέρων
266 536 454 644 ἀνῃρήκει,
482 563 564 611 cum
598 561 761 610 errorem
791 563 872 610 csse
900 547 1045 610 constet
1059 535 1096 628 ²),
1124 547 1282 628 apparet

95 665 341 732 Plutarchum
375 683 450 730 non
485 683 532 730 ex
568 662 671 729 fonte
707 667 771 729 aut
798 663 983 729 communi
1013 667 1077 730 aut
1105 663 1187 741 alio,
1214 663 1280 730 sed
1360 679 1364 686 ·

97 786 147 852 de
178 804 248 851 suo
277 784 467 851 addidisse
496 784 649 849 nimium
678 783 855 848 memoria
884 782 1078 849 confisum.
1128 783 1188 850 Ex
1209 783 1281 850 alio

96 911 226 972 tamen
256 907 406 970 auctore
432 904 593 969 fortasse
622 909 741 968 ortam
769 902 931 969 concedo
960 902 1131 969 voculam
1159 890 1282 997 ἄφνω,

99 1026 156 1092 cui
197 1026 344 1115 repente
378 1023 582 1107 respondet
612 1021 792 1088 Suetonii.
850 1021 955 1098 Quae
984 1042 1031 1088 ex
1057 1022 1161 1088 fonte
1189 1041 1282 1088 com·

96 1144 201 1212 muni
231 1142 336 1228 prius
365 1142 528 1227 perlecto
555 1142 745 1208 Plutarchi
771 1148 933 1208 mentem
953 1142 1103 1208 videtur
1122 1141 1280 1220 subisse,

96 1282 330 1350 quamquam
372 1269 484 1346 caput
512 1263 560 1328 23
590 1261 761 1329 exaranti
803 1261 905 1327 solus
943 1262 1091 1328 Tacitus
1128 1262 1175 1328 ad
1208 1281 1282 1327 ma·

95 1404 189 1452 num
231 1386 323 1449 erat.
378 1381 471 1447 Nam
506 1378 631 1447 omnia
672 1386 795 1447 cetera
839 1381 1008 1448 Suetonii
1035 1401 1118 1447 cum
1149 1401 1170 1447 a
1198 1381 1281 1448 Plu·

98 1504 232 1572 tarcho
262 1506 338 1568 tum
368 1521 389 1567 a
419 1502 545 1567 Tacito
573 1500 764 1567 differunt.

205 1622 347 1690 9—17.
404 1620 538 1688 Omnia
568 1640 589 1687 a
617 1620 743 1686 Tacito
771 1621 955 1687 convertit
982 1621 1215 1699 Plutarchus
1238 1621 1282 1687 iis

102 1761 202 1829 quae
241 1741 301 1808 ille
345 1741 390 1807 de
426 1744 643 1825 tempestate
671 1740 797 1824 prodit
826 1740 1098 1825 aliquantulum
1128 1741 1284 1825 amplifi·

102 1854 246 1946 carisi)
303 1862 426 1944 Atque
469 1855 512 1929 κὰ
552 1861 620 1950 μὲν
660 1860 771 1947 λέγειν
793 1911 800 1925 .
824 1911 830 1924 .
854 1912 861 1924 .
884 1853 928 1928 τὰ
958 1859 996 1928 δὲ
1024 1851 1284 1949 ἀναγινώσκειν

104 2002 125 2049 6
154 1982 298 2068 teperet,
328 1980 558 2066 proarrntict
585 1980 695 2046 ducta
724 1998 806 2045 esse
835 1979 1040 2046 Mommsen
1069 1985 1174 2046 acute
1202 2000 1283 2065 per·

102 2102 227 2187 spexit
240 2093 277 2185 ⁴).
322 2099 418 2165 Nam
446 2101 623 2183 quoniam
651 2098 913 2165 brevissimam
941 2100 1055 2165 luisse
1075 2100 1283 2166 orationem

99 2220 331 2306 intellegitur
373 2238 419 2285 ex
460 2220 545 2285 Tac.
583 2219 601 2285 I
640 2219 687 2285 18
729 2219 981 2305 cooperatoria
1024 2219 1206 2285 brevitate
1247 2225 1283 2286 et

100 2342 118 2408 I
149 2338 197 2407 19
226 2339 319 2406 inde
356 2339 462 2425 cprcd
493 2343 666 2405 sanctiam
695 2359 771 2405 ιιοιι
804 2340 989 2425 comptior
1021 2338 1178 2417 Galbae,
1208 2359 1284 2406 ιιονι
1334 2401 1336 2405 ι

105 2459 255 2545 tonpior
297 2479 414 2544 quom
442 2459 548 2543 oprtet
576 2459 738 2525 nrititcm
765 2478 898 2537 sermo,
929 2459 994 2525 vix
1022 2465 1078 2526 est
1106 2459 1283 2525 credibile

207 2679 230 2752 1)
253 2682 399 2759 Κρασσοιι
433 2670 482 2738 καὶΙ
508 2673 689 2757 Σκριβωνίας
716 2672 829 2753 ἔκγονον
851 2676 888 2733 ad
912 2677 1034 2734 verbum
1053 2677 1192 2750 congruit
1214 2694 1283 2734 cuin

102 2781 195 2841 Taciti
220 2779 259 2838 M.
286 2780 390 2838 Crasso
412 2784 436 2837 ct
461 2778 611 2837 Scribonia
631 2778 753 2852 pertitus.
775 2771 911 2856 Κόσμιον
933 2784 979 2836 est
997 2797 1117 2850 seuerus,
1137 2772 1285 2858 αὐστηρόν

100 2883 222 2942 tristior.
254 2882 293 2941 Et
316 2882 414 2941 verbis
433 2881 526 2940 Taciti
546 2880 624 2938 crrltu
638 2880 790 2955 habituque
806 2899 895 2956 quam
913 2870 996 2939 valde
1012 2880 1190 2956 respondeat
1204 2881 1284 2956 apud

99 2985 297 3044 Plutarchum
321 2982 527 3063 ἐμφανέστατα
548 2980 659 3063 ἔχοντα,
684 2982 791 3042 Leuius
813 2983 1032 3041 animadvertit.
1067 2981 1162 3040 llulto
1183 2988 1284 3042 autem

101 3087 310 3146 dissimiliores
341 3103 408 3145 esse
431 3085 605 3144 Suetonium
628 3090 658 3143 et
680 3085 804 3143 Dionem
827 3104 865 3143 ex
888 3086 962 3144 locis
985 3102 1059 3161 quos
1081 3086 1205 3161 ascripsi
1232 3103 1283 3161 ap-

105 3196 197 3266 paret.
240 3189 347 3266 Neque
379 3189 444 3247 iure
479 3187 577 3263 Groag
599 3207 626 3264 p.
652 3188 801 3247 740661.
827 3191 858 3246 7:
888 3187 1020 3246 »Ebenso
1043 3187 1111 3246 sind
1125 3188 1182 3253 ,die
1209 3188 1283 3246 Cha·

106 3291 317 3352 rakteristilien
342 3291 427 3349 Pisos
450 3291 496 3349 bei
515 3276 626 3349 'beiden
649 3291 782 3349 Auloren
806 3288 852 3367 (G.
876 3292 929 3364 233
954 3290 968 3348 I
993 3291 1043 3366 14)
1059 3309 1140 3348 zuar
1155 3291 1283 3366 ahnlich,

103 3395 212 3454 soweit
242 3394 372 3453 eseban
396 3394 443 3452 die
466 3392 560 3452 Sache
583 3394 638 3451 mit
661 3393 724 3451 sich
747 3393 854 3467 bringt,
876 3393 973 3450 bieten
995 3393 1064 3451 aber
1087 3393 1172 3451 keine
1196 3392 1283 3450 n'ahc-

101 3515 156 3557 ren
179 3496 514 3572 Beriihrnngspunlite».

208 3615 231 3691 2)
253 3615 322 3674 Non
355 3635 372 3673 a
400 3615 525 3688 Nerone,
549 3615 601 3673 sed
623 3633 640 3672 a
662 3614 784 3673 Claudio
808 3616 981 3674 interiectos
1005 3620 1143 3691 parentes
1165 3615 1285 3674 Pisonis

100 3725 208 3779 auctor
240 3724 287 3778 est
317 3717 438 3792 Seneca,
464 3717 507 3776 De
530 3723 626 3791 morte
650 3716 765 3775 Claudii
802 3736 827 3774 c.
853 3719 900 3775 11.
944 3717 1033 3775 Fabia
1055 3737 1083 3793 p.
1109 3719 1148 3776 20
1172 3735 1215 3793 sq.
1238 3719 1284 3775 iu-

102 3823 168 3881 sius
202 3821 239 3880 de
266 3821 314 3880 his
337 3821 487 3879 disserens
510 3820 620 3878 frustra
642 3837 681 3878 ex
703 3837 801 3878 errore
825 3818 977 3877 Plutarchi
1000 3820 1168 3878 communis
1192 3820 1284 3877 fontis

102 3929 315 4000 argumentum
339 3923 464 3998 quaerit.
1016 3905 1018 3909 ’

209 4041 233 4118 3)
255 4042 351 4100 Multo
376 4042 500 4100 similior
522 4041 700 4100 Plutarchus
722 4041 823 4100 Tacito
847 4060 935 4118 quam
959 4041 1111 4101 Suetonio.

210 4159 233 4238 4)
256 4161 290 4219 P.
315 4163 376 4221 306
408 4161 475 4218 adn.
505 4163 534 4220 4.
561 4160 615 4219 Cui
645 4161 852 4220 assentiuntur
874 4161 986 4236 Hardy‚
1009 4161 1105 4237 Tabia,
1136 4159 1284 4218 Woelfflin

105 4266 211 4341 Comp.
236 4282 265 4340 p.
288 4267 337 4335 35,
359 4263 423 4338 alii3
452 4269 619 4339 repugnant
640 4262 758 4321 Krauss
783 4263 851 4320 adn.
876 4263 914 4322 10
938 4271 968 4321 et
990 4262 1109 4321 Lenius.
