2978 4800
195 265 259 311 XIV

155 443 219 522 dit,
245 442 348 528 quod
375 442 566 528 quandam
594 442 824 528 Thucydidis
854 441 1076 509 sententiam
1105 441 1335 508 adverbum

155 562 416 629 transtulisset.
473 562 533 628 Ex
561 581 636 646 quo
664 561 838 649 colligere
865 562 949 628 licet
977 562 1097 627 iurem
1125 565 1212 627 tunc
1237 561 1336 628 inter

154 682 351 749 historicos
392 681 522 748 saltem
556 700 632 748 non
665 681 796 748 melius
835 681 986 747 audisse
1023 651 1136 766 quam
1169 681 1281 748 hodie
1301 675 1336 767 1).

154 802 232 869 Iam
254 781 494 868 Hermannus
513 801 624 868 Peter
642 802 680 868 in
699 801 805 879 libre,
824 821 935 885 quem
956 801 1002 867 de
1022 799 1335 868 Caesarianorum

153 927 363 1006 temporum
391 921 548 988 historia
576 921 775 1006 inscripsit,
805 921 864 987 vel
883 921 1089 988 mediocres
1108 940 1233 987 rerum
1254 940 1336 987 auc·

155 1046 254 1108 tores
282 1059 434 1126 operam
465 1041 614 1108 dedisse
642 1041 761 1120 docet,
790 1045 832 1107 ut
860 1060 942 1107 oum
970 1040 1164 1107 materiam
1188 1059 1336 1106 omnem

155 1161 306 1227 aliunde
347 1161 505 1227 mutuati
542 1165 677 1239 essent,
707 1179 807 1226 novo
837 1164 960 1226 tamen
988 1159 1168 1226 orationis
1196 1159 1336 1225 vestitu

155 1299 238 1347 eam
271 1280 462 1347 amicirent
479 1272 518 1365 ²).
576 1280 683 1346 Adde
711 1280 813 1364 quod
842 1280 922 1346 sine
952 1278 1067 1345 dubio
1095 1279 1211 1345 multa
1239 1279 1335 1345 circa

157 1419 218 1466 res
246 1400 396 1467 easdem
438 1400 586 1466 variare
626 1404 841 1485 potuerunt,
877 1400 941 1483 qui
977 1399 1232 1465 adulescentes
1262 1399 1335 1464 stili

156 1519 328 1585 variandi
380 1520 564 1585 exercitiis
617 1524 759 1586 tantum
820 1519 1001 1604 temporis
1053 1519 1263 1584 tribuerant
1293 1510 1332 1602 3).

154 1639 235 1726 Age
263 1658 355 1706 vero
383 1638 549 1704 Tacitum
578 1658 659 1704 cum
681 1659 728 1705 ex
745 1639 878 1706 litteris
897 1638 1007 1705 Plinii
1029 1637 1190 1705 Secundi
1209 1630 1235 1722 4)
1257 1642 1334 1703 tum

158 1959 296 2019 Sallustio
317 1960 385 2036 fult,
401 1967 433 2019 ut
455 1960 529 2020 hauc
549 1961 644 2036 lpsaru
658 1960 828 2018 senteutiam
840 1965 866 2018 et
878 1965 1028 2034 tamquam
1043 1958 1212 2017 translatam
1225 1964 1250 2016 et
1261 1964 1336 2016 tonz-

152 2081 239 2138 quanr
269 2069 432 2138 corruptam
455 2064 526 2120 dura
562 2063 735 2138 transfertur
756 2062 872 2120 obiceret
896 2060 1041 2120 Sallustio¹
1086 2061 1145 2119 Ner
1166 2061 1217 2119 loc
1238 2079 1335 2120 amore

156 2165 330 2242 Thucydidis
351 2166 429 2242 facit,
449 2171 482 2224 ut
496 2165 581 2223 lllum
598 2165 753 2240 praeferat,
775 2164 824 2222 sed
839 2163 936 2222 laudat
954 2181 1038 2239 quem
1055 2181 1116 2221 uon
1132 2164 1210 2221 timet
1224 2169 1249 2221 ct
1263 2163 1335 2238 fact-

152 2267 211 2325 lr'us
227 2273 313 2342 putat
330 2287 417 2343 possa
439 2287 457 2325 a
479 2287 508 2326 se
533 2267 705 2326 Sallustium
730 2267 815 2339 macl,
840 2267 868 2324 sl
889 2270 954 2324 aute
975 2284 994 2323 a
1015 2265 1174 2342 Thucydide
1196 2266 1335 2324 mutatur.

152 2369 307 2429 Sententia
329 2370 462 2430 Sallustii
477 2376 577 2430 exstat
600 2370 630 2427 in
646 2370 723 2428 Hist.
740 2369 755 2427 Ι
772 2370 804 2426 ir.
821 2370 914 2443 4924
930 2369 995 2444 Kr.;
1012 2387 1080 2427 oum
1096 2386 1201 2444 graeca
1216 2368 1266 2426 illa
1281 2369 1334 2427 cir.

152 2470 306 2531 Demosth.
335 2473 367 2530 in
389 2473 476 2548 epist.
500 2472 575 2531 Phil.
605 2474 653 2545 13,
676 2470 798 2546 Olynth.
826 2471 856 2530 Il
880 2472 929 2530 20.
953 2506 992 2513 -
1018 2471 1062 2530 De
1085 2471 1170 2529 Livio
1191 2470 1257 2546 ipso
1280 2471 1333 2528 eir.

152 2575 240 2634 Peter
263 2573 297 2633 G.
321 2575 352 2633 L.
376 2574 407 2632 ll
429 2594 456 2651 p.
481 2576 556 2634 263:
576 2592 624 2633 »so
650 2575 701 2633 hat
724 2575 827 2633 Livius
850 2574 917 2632 dem
935 2574 1076 2647 Polybius
1091 2573 1138 2632 die
1154 2574 1332 2649 pointierten

152 2677 350 2753 Wendungen
373 2678 436 2736 und
458 2678 558 2737 Bilder
580 2677 738 2751 gelassen».

255 2795 277 2873 ¹)
301 2798 359 2856 afr.
393 2797 570 2856 Gutsohmid
603 2814 632 2871 p.
662 2798 715 2854 11:
751 2796 835 2853 »weil
864 2796 930 2854 eine
962 2794 1116 2853 wortliche
1141 2795 1332 2869 Wiedergabe

151 2899 263 2958 damals
286 2901 334 2957 fiir
355 2899 462 2974 gerade
486 2917 518 2957 so
542 2898 714 2973 unpassend
736 2899 806 2972 galt,
829 2898 887 2956 wie
911 2898 1114 2972 heutzutage».
1149 2897 1226 2956 Sane
1241 2897 1331 2972 prisci

150 3001 202 3071 illi,
224 3002 273 3078 qui
297 3002 334 3060 de
357 3003 429 3060 urbe
444 3001 561 3060 condita
578 3001 795 3076 scriptitarunt,
812 3001 901 3059 verba
919 3001 1107 3076 superiorum
1123 3005 1255 3075 repetere
1272 3017 1332 3057 non

151 3104 339 3178 dubitabant3
364 3121 401 3162 ex
425 3123 483 3180 quo
507 3121 567 3161 non
591 3103 685 3178 magis
708 3104 836 3162 efficitur
860 3103 990 3179 optimos
1004 3103 1090 3179 primi
1109 3102 1219 3160 saeculi
1239 3102 1331 3160 histo-

151 3207 226 3264 ricos
248 3207 326 3265 inter
349 3224 382 3265 se
404 3207 580 3282 compilasse
603 3225 690 3283 quam
707 3225 745 3265 ex
761 3206 980 3265 consuetudine
997 3205 1110 3263 mediae
1125 3205 1230 3262 aetatis
1245 3205 1331 3262 chro-

150 3309 368 3384 nographorum
392 3310 550 3385 quicquam
573 3310 609 3367 de
637 3316 806 3368 nostrorum
823 3315 991 3384 temporum
1018 3307 1190 3366 auctoribus
1212 3306 1331 3365 conclu-

120 3411 219 3501 0dere
252 3410 330 3470 licet.
373 3411 479 3488 Neque
508 3417 683 3483 ceterorum,
714 3428 789 3488 quos
823 3410 912 3469 Peter
944 3409 979 3469 G.
1007 3410 1039 3469 L.
1062 3409 1090 3468 ΙΙ
1118 3427 1146 3485 p.
1176 3409 1236 3468 260
1266 3426 1330 3484 sqq.

149 3521 311 3586 enumerat,
344 3513 445 3572 eadem
468 3532 502 3572 ao
524 3513 616 3572 Taciti
648 3513 723 3572 ratio
746 3519 808 3584 est;
838 3514 889 3571 cfr.
913 3531 941 3588 p.
968 3514 1043 3572 263:
1068 3517 1249 3587 »grtissere
1272 3511 1331 3568 Ab·

150 3615 281 3675 sohnitte
304 3616 373 3674 sind
395 3617 434 3673 im
458 3635 572 3691 ganzen
596 3616 733 3675 wortlich
757 3617 834 3674 ohne
855 3615 922 3691 iede
945 3616 1050 3690 eigene
1068 3615 1194 3689 geistige
1209 3613 1330 3687 Thatig·

150 3719 210 3777 leit
233 3724 294 3777 erst
315 3719 346 3776 in
370 3720 427 3778 den
451 3720 620 3778 Breviarien
644 3719 706 3777 und
729 3726 814 3779 sonst
839 3737 908 3777 vom
932 3719 1045 3777 vierteu
1068 3717 1270 3775 Jahrhundert
1293 3734 1330 3773 an

148 3822 377 3896 abgeschrieben
401 3823 548 3897 worde11»3
573 3820 752 3880 Gutsohmid
776 3840 803 3897 p.
830 3822 878 3880 12.

251 3941 276 4019 2)
299 3940 333 4000 G.
356 3942 389 3999 L.
413 3942 441 3999 ΙΙ
464 3960 492 4017 p.
517 3943 577 4000 263
601 3959 645 4017 sq.

251 4063 273 4138 ³)
297 4063 355 4121 Sir.
388 4060 509 4134 Quintil.
532 4061 560 4118 X
583 4060 632 4134 5,4
655 4079 736 4138 sqq.;
768 4061 856 4121 Peter
879 4060 913 4120 G.
941 4061 974 4119 L.
997 4061 1012 4119 l
1035 4079 1063 4136 p.
1085 4063 1132 4134 16,
1156 4060 1185 4119 II
1207 4078 1235 4136 p.
1260 4062 1330 4120 190.

250 4182 274 4259 4)
298 4182 355 4241 VII
390 4183 457 4255 20,1
494 4181 618 4239 Librum
654 4187 737 4238 tuum
760 4181 815 4256 leqr'
836 4187 860 4239 et
882 4199 971 4256 quarn
1004 4180 1223 4256 dlllycutlsslrnc
1245 4181 1332 4256 potul

149 4286 294 4358 adnotari,
326 4304 397 4361 quae
430 4284 642 4358 commutanda,
666 4302 738 4359 quaa
765 4283 916 4342 calmenda
939 4283 1105 4358 arbitrum
1131 4284 1183 4342 cfr.
1206 4283 1278 4342 Vlll
1303 4286 1330 4342 7.
