2978 4800
1146 260 1288 363 „149

151 457 342 543 designari
369 456 458 522 iacit
486 455 527 521 G.
559 455 604 520 21
637 459 741 530 extr,
766 451 867 537 quod
887 451 925 517 in
945 469 1109 517 mensem
1130 426 1330 517 Octobrem
1445 492 1448 500 ·

152 596 183 641 a.
216 576 264 643 68
294 577 483 642 incurrere
511 574 591 640 veri
620 572 738 639 simile
763 563 868 655 estl).

253 782 293 847 P.
330 781 372 848 G.
403 782 463 857 19,
493 790 575 841 3-6.

194 924 209 992 ὁ
233 927 262 992 δὲ
285 930 432 1011 φοβηθείς,
456 924 495 1000 ὡς
513 925 551 1010 μὴ
567 922 655 1008 μόνον
670 921 718 989 διὰ

150 1026 184 1093 πὸ
207 1032 303 1112 γῆρας,
328 1024 404 1094 ἄλλα
425 1025 475 1093 καὶ
497 1023 545 1093 διὰ
565 1024 616 1110 τὴν
632 1025 720 1092 dacr-

151 1130 214 1194 διἀν
241 1127 521 1211 καταφρονούμενος,
554 1125 718 1214 ἐβουλεύετο

150 1238 241 1295 παῖδα
264 1232 377 1295 θέσθαι
403 1233 462 1294 τῶν
484 1231 631 1312 ἐπιφανῶν
652 1257 718 1294 τινα

150 1333 297 1396 νεανίσκον
330 1330 379 1396 καὶ
410 1328 544 1414 διάδοχον
567 1329 670 1396 οἷποδει
688 1360 718 1396 αι

151 1435 202 1515 τῆς
225 1433 322 1516 ἄνιθι·

256 1644 296 1709 Ρ.
333 1644 375 1711 G.
405 1647 462 1711 21.

199 1797 212 1850 1
234 1795 278 1850 «2
299 1789 377 1855 Ἀλλ’
401 1783 451 1856 οὖν
469 1792 672 1875 βουλευομένου
689 1819 720 1875 γε

153 1895 204 1957 τοῦ
250 1889 358 1977 Γάλβα
400 1892 464 1976 περὶ
501 1893 634 1978 διαδόχου
669 1894 721 1959 τὸν

147 1991 268 2059 Ὄθωνα
283 1999 452 2080 παρεισῆγεν
474 1993 489 2062 ὁ
515 1995 628 2070 Οὐίνιος
651 2046 658 2058 .
683 2047 719 2068 1.

200 2101 323 2158 11-12
341 2094 429 2162 Ὅθεν
444 2096 573 2171 οἰκούσας
587 2100 639 2164 τοῦ
655 2097 719 2165 Or'c-

153 2200 213 2263 νίου
242 2201 335 2281 σιωπῇ
365 2197 414 2263 καὶ
436 2196 538 2286 πρᾴους
559 2196 718 2280 ὑπερέθετο

152 2296 201 2382 τὴν
225 2298 366 2366 διάθεσιν.

260 2511 328 2576 His
357 2517 431 2577 tam
460 2513 642 2598 gravibus
670 2513 822 2594 nuntiis
839 2531 1057 2598 percussum
1078 2512 1235 2578 Galbam
1254 2510 1337 2594 Plu·

157 2631 308 2696 tarchus
329 2637 457 2697 auctor
476 2637 541 2711 est
560 2633 753 2699 hauddum
772 2633 940 2699 conlecto
961 2631 1138 2708 ennodii,
1158 2632 1204 2698 de
1225 2630 1337 2714 adop·

158 2750 273 2815 tando
299 2750 378 2816 filie
408 2751 636 2818 deliberasse
650 2745 689 2836 2).
745 2753 849 2818 Titus
878 2752 1011 2818 Vinius
1039 2771 1119 2817 cum
1151 2749 1337 2818 Othonem

158 2871 506 2949 commendavisset,
537 2870 655 2937 Galba
684 2892 761 2938 rem
791 2872 828 2938 in
857 2877 1046 2957 posterum
1077 2870 1215 2938 differt.
1271 2870 1338 2936 Ta·

157 3039 280 3047 ——----
291 3039 328 3044 --
343 3039 361 3043 .-

261 3139 284 3215 1)
308 3141 385 3199 Huic
407 3141 471 3199 loce
495 3141 675 3199 Plutarchus
698 3159 732 3200 ea
754 3141 790 3200 de
813 3145 970 3200 anteacta
993 3139 1119 3199 Othonis
1143 3141 1204 3198 vita
1226 3140 1339 3212 inserit,

159 3260 236 3317 quae
260 3241 380 3300 Tacitus
403 3243 416 3299 l
442 3245 479 3301 13
503 3243 734 3318 posthumium
762 3242 845 3302 exuti
873 3237 1049 3302 sacramenti
1073 3242 1116 3318 (P.
1133 3241 1166 3301 G.
1184 3243 1235 3316 22)
1252 3241 1337 3300 stric-

159 3344 211 3401 tim
234 3343 363 3417 attingit.

262 3442 287 3517 ²)
318 3445 377 3504 Cir.
410 3445 588 3518 Mommsen,
621 3447 794 3507 Rbmisehes
818 3446 1003 3506 Staatsrecht
1032 3447 1060 3522 13
1084 3466 1111 3523 p.
1136 3448 1197 3506 589
1220 3447 1286 3505 adn.
1310 3448 1338 3505 3.

157 3549 182 3606 Ε
207 3546 291 3606 Suet.
317 3546 405 3623 Vesp.
429 3551 447 3607 5
472 3554 588 3606 tantum
612 3550 805 3624 cognoscitur
826 3568 886 3608 κοκ
906 3548 999 3608 molto
1018 3554 1084 3623 post
1105 3550 1194 3606 linem
1212 3547 1338 3608 Neronis

157 3651 274 3710 comitia
297 3650 602 3708 sccuedi'ccasaleles
623 3650 714 3708 icisse
741 3650 871 3709 Galbam.
917 3650 1077 3709 Plutarcho
1104 3651 1185 3710 favet
1208 3649 1339 3718 Tacitus,

158 3715 225 3812 dum
249 3754 264 3811 Ι
290 3755 327 3812 12
351 3771 411 3812 eoa
433 3770 502 3811 sanc
524 3753 691 3811 crebriorem
711 3758 769 3812 tote
783 3753 893 3811 circlate
907 3771 1069 3811 scrrncrtcm
1077 3770 1132 3827 ρον
1146 3752 1213 3810 des
1227 3770 1340 3812 νιονιευε

158 3856 252 3914 fuisse
283 3856 355 3915 dicit
382 3874 472 3932 quam
496 3856 532 3914 de
554 3855 713 3931 adoptione
736 3856 845 3913 futura.
882 3853 976 3927 Quam
999 3854 1029 3913 in
1051 3846 1257 3930 cogitationem
1281 3855 1338 3912 iam

159 3974 237 4014 anno
272 3960 311 4016 68
345 3957 467 4017 Galbam
497 3958 625 4017 adduxit
646 3958 835 4017 immodestia
865 3957 1052 4016 exercituum
1081 3955 1337 4033 Germanicorum

159 4059 211 4117 cir.
245 4077 321 4134 quae
354 4067 531 4137 sequuntur.
576 4060 756 4119 Plutarchus
791 4060 946 4119 brevitatis
978 4060 1072 4134 gratia
1094 4059 1243 4117 inferioris
1267 4058 1339 4118 (ier-

161 4161 275 4220 maniae
308 4160 442 4237 legiones
471 4163 530 4221 iam
554 4163 602 4221 hic
622 4155 662 4224 τοὶ
682 4155 737 4224 ὑπὸ
761 4156 918 4240 Οὐϊτελλίῳ
939 4162 1020 4232 dicit,
1042 4161 1096 4219 etsi
1121 4159 1261 4219 Vitellius
1285 4163 1340 4220 sub

55 4261 61 4270 “
160 4263 301 4322 kalendas
329 4264 505 4323 Decembres
529 4264 649 4322 demum
672 4265 855 4339 provinciam
879 4271 927 4323 est
948 4265 1103 4338 ingressus
1127 4263 1176 4336 (Η.
1199 4263 1212 4320 Ι
1237 4265 1298 4338 52).
