2978 4800
191 237 232 296 34

252 429 324 496 Per
351 429 422 496 hoc
449 435 561 515 caput
589 430 720 497 eadem
744 430 806 496 illa
839 430 994 497 mirifica
1024 431 1124 497 cerni
1144 431 1229 497 licet
1248 449 1336 496 con-

150 549 350 615 venientia.
406 549 629 616 Plutarchus
663 568 779 616 unum
807 556 956 617 secutus
985 555 1041 617 est
1069 550 1201 617 ducem
1230 551 1336 616 Taci-

149 675 227 735 tum
255 688 379 753 neque
408 688 455 735 ex
483 669 556 735 alio
583 669 687 736 fonte
715 670 915 754 quicquam
943 669 1103 755 sumpsit
1127 670 1200 736 nisi
1220 669 1335 736 Dola-

149 787 284 855 bellam
314 808 348 854 v.
379 791 412 867 4,
440 778 547 887 ἄφνω
566 809 602 855 v.
620 789 653 868 6,
671 788 1003 885 μηδὲ-δοθείσης
1022 811 1057 856 v.
1081 789 1127 856 18
1148 809 1216 875 sq.,
1237 789 1335 858 πλεῖ-

150 899 498 1003 στοι-παρώξυνον
525 913 692 976 extremo
720 909 852 995 capite.

255 1029 367 1095 1-3.
424 1028 606 1096 Videatur
635 1029 838 1095 Excursus.

255 1150 367 1216 3-4.
427 1149 510 1215 Non
557 1148 680 1215 nullos
724 1148 941 1215 Dolabellae
984 1149 1216 1234 suffragatos
1250 1167 1331 1213 cum

151 1269 300 1336 Tacitus
327 1287 403 1334 non
432 1267 579 1346 scribat,
607 1287 653 1334 ex
682 1260 791 1352 ali01)
819 1268 922 1334 fonte
949 1267 987 1334 id
1015 1267 1172 1334 fluxisse
1201 1286 1331 1333 omnes

151 1388 369 1455 concedunt.
413 1388 544 1472 Neque
572 1388 643 1454 hoc
671 1392 745 1453 tam
774 1391 854 1453 arte
874 1407 955 1452 cum
975 1387 1120 1471 reliqua
1140 1386 1332 1452 Plutarchi

151 1508 367 1575 narratione
409 1507 593 1586 cohaeret,
620 1513 787 1573 cunctam
830 1511 873 1572 ut
912 1526 960 1573 ex
1000 1507 1102 1573 fonte
1142 1507 1332 1572 communi

150 1630 324 1696 haustam
353 1646 436 1694 esse
464 1627 675 1694 concludas.

255 1740 404 1832 4—62').
444 1748 608 1834 Insignis
629 1746 831 1813 similitudo
850 1750 907 1812 est
925 1746 1022 1812 inter
1042 1736 1336 1840 ἀρχαιρεσιαζον-

152 1891 218 1951 cuc
245 1873 281 1934 et
312 1867 480 1945 comitio,
511 1886 608 1952 quae
637 1874 761 1933 tamen
789 1865 890 1950 quod
920 1866 1031 1931 sciam
1060 1865 1131 1930 nisi
1161 1864 1208 1931 ab
1240 1865 1336 1930 Har-

152 1987 214 2054 dio
252 2006 328 2054 non
366 1992 422 2053 est
450 1987 724 2054 animadversa.
780 1986 910 2070 Neque
940 1984 1106 2051 Tacitum
1133 1983 1336 2069 probabile

152 2111 208 2174 est
236 2107 405 2173 aculeum
433 2106 536 2172 illum
565 2106 716 2173 aliunde
744 2109 953 2172 mutuatum
982 2123 1075 2170 esse.

256 2226 365 2294 6-9.
419 2226 522 2292 Haec
562 2225 737 2292 scribenti
778 2245 876 2291 unus
913 2225 983 2290 fuit
1011 2228 1139 2289 auctor
1167 2223 1334 2290 Tacitus

151 2348 245 2413 Nam
274 2347 435 2432 primum
462 2345 581 2442 μηδὲν
609 2337 792 2442 προειπών
816 2364 863 2411 ex
880 2364 1011 2431 pauco
1025 2343 1230 2430 praefatus
1250 2349 1335 2411 orta

153 2487 235 2534 esse
255 2466 393 2552 quibus
407 2466 539 2550 placet,
556 2466 600 2531 iis
616 2465 789 2550 equidem
805 2465 884 2531 sine
901 2464 977 2529 ulla
996 2463 1232 2530 dubitatione
1250 2464 1338 2530 asti-

152 2578 312 2673 pulcri).
353 2587 421 2652 His
441 2587 538 2652 enim
558 2605 655 2670 quae
675 2585 953 2662 continuantur,
974 2584 1148 2650 Pisonem
1163 2583 1339 2650 Licinia-

152 2727 244 2774 num
263 2707 406 2773 arcessi
424 2706 538 2784 iubet,
560 2706 671 2791 plane
691 2705 821 2771 eadem
842 2708 930 2770 sunt
950 2706 1061 2787 atque
1078 2722 1122 2767 ea
1138 2721 1238 2786 quae
1254 2702 1342 2782 iliis,

151 2830 411 2922 aeramendum
440 2825 627 2895 Πείσωνα.
671 2825 720 2890 Et
747 2824 847 2909 quod
877 2844 924 2890 ex
945 2822 1085 2909 paucis
1113 2821 1205 2887 nihil
1234 2822 1338 2902 fecit,

153 2946 232 3012 eius
261 2945 361 3011 modi
389 2945 628 3032 neglegentia
656 2964 731 3010 non
772 2944 886 3010 semel
923 2943 960 3009 in
988 2941 1189 3008 Plutarcho
1217 2944 1344 3009 cerni-

153 3057 261 3150 turi).
317 3064 434 3131 Porro
471 3071 593 3131 cetera
628 3085 779 3150 quoque
819 3063 1018 3141 Plutarchi,
1054 3081 1152 3147 quae
1190 3061 1341 3146 aliquid

154 3189 250 3263 sunt,
279 3186 381 3269 apud
410 3185 574 3252 Tacitum
605 3186 653 3251 ad
681 3185 839 3251 verbum
859 3182 1123 3250 concordantia
1143 3183 1343 3266 reperiun-

260 3469 282 3547 ¹)
304 3471 343 3530 Et
366 3472 485 3548 quidem
508 3469 677 3528 communi:
701 3470 753 3527 cir.
776 3469 862 3525 Fabia
884 3487 912 3543 p.
938 3468 998 3525 273
1021 3473 1051 3525 et
1074 3465 1177 3540 Hardy
1199 3465 1238 3525 de
1261 3466 1276 3524 I
1300 3470 1340 3527 13

153 3574 232 3632 Loco
267 3579 350 3650 atque
381 3573 473 3632 Icelus
495 3590 637 3631 consensu
659 3590 720 3629 non
743 3577 802 3628 tom
824 3588 920 3627 unum
943 3569 1068 3644 aliquem
1091 3568 1224 3644 secabant
1246 3587 1341 3644 quam

153 3677 256 3735 alium.

257 3795 282 3871 2)
306 3795 365 3854 cfr.
389 3795 478 3854 etiam
501 3795 514 3853 Ι
540 3797 577 3853 13
608 3793 713 3851 Vinius
731 3811 788 3868 pro
810 3791 850 3850 M.
880 3789 994 3849 Othone.

257 3915 281 3992 ³)
315 3916 373 3974 Cir.
408 3915 515 3974 Clason
548 3933 576 3990 p.
612 3917 638 3986 6,
674 3912 762 3971 Fabia
794 3931 823 3987 p.
858 3913 907 3984 20,
935 3909 1085 3968 Woelfflin
1108 3909 1209 3986 Comp.
1233 3927 1261 3986 p.
1286 3913 1340 3971 46.

153 4019 249 4078 Aliter
271 4019 385 4077 Krauss
409 4018 476 4075 adn.
501 4019 549 4089 22,
571 4016 679 4075 Lenius
702 4033 730 4091 p.
754 4018 793 4075 38
816 4015 883 4072 adn.
909 4017 935 4087 1,
958 4011 1055 4087 Groag
1077 4030 1106 4088 p.
1131 4011 1190 4070 740
1214 4012 1284 4070 adn.
1309 4015 1338 4072 4.

258 4153 281 4228 ⁴)
304 4154 364 4214 Cir.
392 4155 425 4212 P.
453 4152 486 4213 0.
512 4157 530 4213 8
554 4173 581 4211 v.
599 4155 625 4228 9,
645 4153 695 4212 ubi
718 4149 767 4215 καὶ
789 4151 876 4232 μηδέν
898 4169 915 4209 e
937 4169 986 4209 nec
1007 4150 1134 4208 calchum
1157 4147 1225 4207 Teo.
1247 4149 1278 4208 ΙΙ
1296 4152 1337 4210 32

154 4266 252 4318 ortum
276 4265 333 4317 est.
