2978 4800
1257 232 1296 288 55

155 414 269 499 δωρεοὶς
306 419 460 490 αἰτοῦντες.
491 413 543 490 Ὡς
577 419 610 482 δέ
640 441 725 501 φησιν
776 421 983 479 ostentantibus
1005 423 1137 478 cruentas
1159 435 1268 476 manus
1290 416 1342 492 qui

151 517 333 603 Ἀρχιλοχος·
776 523 942 594 occiderant,
973 522 1025 598 qui
1054 521 1256 595 interfuerant,
1290 518 1342 594 qui

200 620 276 686 ἑπτα
298 617 354 706 μιλρ
376 624 485 703 νεκρῶν
505 625 659 700 πεσόντων,
675 617 725 694 οὓς
775 644 836 684 vere
869 625 921 701 qui
951 625 1027 700 falso
1058 629 1091 682 ut
1123 622 1279 699 pulchrum
1317 627 1343 679 et

378 721 554 809 ἐμάρψαμεν
567 727 659 800 ποσίν,
775 728 959 786 memorabile
973 728 1091 801 faunus
1102 725 1253 785 iactabant.
1268 724 1341 782 Plu-

198 827 282 908 χίλιοι
300 826 404 908 φονῆες
423 827 518 907 ε’σμέν·
777 849 823 888 res
851 848 938 907 quam
965 835 1076 888 centum
1110 827 1215 904 aiqinli
1236 827 1342 886 libellos
1439 867 1442 873 ·

153 923 251 999 οὕτως
283 922 352 992 τότε
381 925 482 993 πολλοὶ
504 929 556 992 τοῦ
579 925 669 1008 φόνου
690 931 728 1011 μὴ
772 932 942 1008 praemium
978 931 1188 1008 exposcentium
1222 931 1255 988 ob
1287 930 1341 987 ali-

154 1025 406 1111 συνεφαψιὶμενοι,
422 1040 520 1113 χεῖρας
542 1028 572 1095 δὲ
594 1027 644 1094 καὶ
659 1033 724 1115 ξίφη
777 1054 866 1112 quam
898 1035 1051 1094 notabilem
1077 1034 1129 1092 illa
1154 1033 1200 1092 die
1225 1050 1341 1108 operam

154 1124 418 1211 καθαιμάσσοντες
454 1133 645 1198 ἐπεδείκνυντο
676 1131 725 1197 καὶ
783 1137 914 1196 Vitellius
930 1143 1031 1213 postea
1052 1136 1171 1208 incenit,
1188 1152 1342 1209 omnesque

154 1228 271 1314 δωρεὰς
302 1227 388 1313 ᾔτουν
414 1236 509 1318 βιβλία
533 1231 661 1308 διδόντες
682 1236 724 1314 τῷ
777 1240 910 1318 conquiri
930 1245 955 1298 et
977 1238 1101 1314 interfici
1121 1238 1217 1296 iussit.

147 1329 269 1398 Ὄθωνι.
312 1333 412 1399 Εἴκοσι
443 1339 512 1419 γοῦν
543 1335 593 1401 καλ
624 1334 726 1403 ἑκατὸν

154 1430 322 1517 εὑρέθησαν
354 1433 474 1521 ὕστερον
496 1440 525 1502 ἐκ
548 1441 607 1504 τῶν
636 1468 726 1524 μραμ·

154 1537 279 1630 ματίων,
295 1533 345 1611 οὓς
367 1535 383 1604 ὁ
410 1537 573 1614 Οὐιτέλλιος
588 1538 725 1626 ἀναζητή-

155 1662 214 1709 σας
237 1635 372 1712 ἅπαντας
395 1639 558 1708 ἀπέκτεινεν
566 1644 600 1722 ¹).

202 1744 327 1802 34-42
362 1734 436 1808 Ἦκε
469 1744 498 1810 δὲ
531 1743 579 1810 καλ
607 1744 725 1832 Μάριος
820 1755 897 1812 145
920 1773 1001 1812 ruere
1023 1752 1118 1811 cuncti
1139 1752 1173 1809 in
1188 1756 1299 1808 castra.
1313 1793 1340 1807 ..

158 1842 273 1914 Κέλσος
294 1845 334 1916 εἰς
355 1843 407 1927 τὴν
429 1846 618 1933 παρεμβολήν.
662 1847 725 1914 Καὶ
777 1856 907 1914 Marium
945 1855 1067 1927 Celsum,
1100 1851 1247 1911 consulem
1268 1851 1342 1910 desi·

160 1944 272 2007 πολλῶν
301 1944 393 2011 αὐτοῦ
416 1948 658 2034 κατηγορούντων,
682 1949 726 2018 ὅτι
775 1964 898 2033 qualum
920 1963 945 2015 et
972 1956 1076 2015 Grtlbae
1099 1955 1237 2030 usquein
1252 1958 1343 2012 entre-

161 2037 231 2114 τοιλς
251 2046 431 2128 στρατιώτας
448 2052 545 2117 ἔπειθε
558 2055 601 2133 τρι
617 2061 649 2117 Γ
645 2051 725 2140 alba
777 2079 843 2119 mas
856 2079 902 2119 res
913 2059 1041 2118 amicum
1052 2057 1208 2133 stilumque,
1221 2051 1342 2136 <οιι>

155 2148 285 2228 βιηθεῑν,
306 2147 355 2215 καὶ
378 2153 431 2217 τοῦ
445 2151 578 2237 πλήθους
594 2154 726 2222 uacuare·
777 2163 953 2242 supquicium
989 2160 1211 2237 expostulabant,
1239 2159 1342 2217 indus-

156 2242 235 2312 νυέιν
255 2255 391 2334 βοῶντος,
399 2250 499 2321 Ὄθων
514 2257 565 2322 οὐκ
581 2258 725 2344 ἐβούλετο·
778 2268 848 2326 triae
888 2266 951 2324 cius
991 2263 1223 2337 innocentiaeque
1258 2261 1344 2337 qnasi

155 2348 338 2434 φοβούμενος
353 2355 383 2420 bb
399 2355 552 2442 ἀντιλέγειν
568 2361 618 2444 οὐχ
634 2359 726 2434 οὕτως
778 2370 865 2428 malis
895 2368 1006 2427 artibus
1028 2365 1147 2441 infensi.
1195 2363 1296 2422 Caedis
1318 2369 1344 2421 et

158 2453 215 2536 ἔφη
231 2459 343 2538 ταχέως
357 2456 522 2526 ἀποκτενεῖν
538 2461 638 2528 αὐτόν·
654 2466 727 2528 εἶναι
773 2472 950 2547 praedarum
973 2469 1096 2527 initium
1118 2473 1143 2525 et
1159 2467 1268 2542 optineo
1282 2465 1342 2524 crci-

156 2551 212 2639 γιὶρ
247 2553 270 2621 οἳ
304 2566 349 2624 δεῖ
376 2560 515 2644 πρότερον
543 2567 726 2630 ἐκπυθέσθαι
778 2593 831 2650 que
853 2572 1011 2649 perniciem
1046 2569 1147 2645 quaeri
1179 2567 1341 2643 apparebat,

154 2656 242 2739 naqa
263 2664 315 2726 τοῦ
338 2661 451 2745 οἷνδρός.
489 2663 650 2732 Ἐκελευσεν
676 2658 726 2732 οὖν
778 2676 827 2734 sul
853 2674 960 2734 Olboni
981 2672 1112 2731 nondum
1127 2670 1282 2728 auctoritas
1297 2669 1343 2726 in-

155 2756 306 2840 olannu-
328 2763 484 2847 φυλάττειν
506 2767 556 2834 καὶ
577 2771 726 2850 παρέδωκε
778 2783 837 2838 crat
864 2777 902 2834 ad
926 2773 1138 2852 prohibendum
1164 2772 1272 2830 scelus:
1295 2771 1342 2828 in-

155 2875 220 2937 τοῐς
242 2861 371 2947 μαλιστα
392 2872 611 2952 πιστευομένοις.
778 2883 838 2939 bere
860 2881 921 2938 iarn
938 2882 1059 2954 poterat.
1094 2877 1139 2934 Ila
1157 2873 1343 2933 simulatione

778 2984 839 3041 irae
874 2981 979 3040 muciri
1011 2980 1126 3038 iussum
1160 2984 1193 3044 el,
1217 2976 1344 3034 maiores

771 3104 882 3162 poenas
913 3084 1050 3142 daturum
1072 3081 1235 3156 adfirmans
1256 3097 1341 3154 qrae-

776 3188 852 3246 senli
872 3186 959 3244 callio
981 3183 1131 3242 subtranit.

266 3393 346 3459 Hoc
383 3400 506 3480 caput,
537 3417 604 3481 per
633 3398 733 3482 quod
762 3399 980 3464 universum
1008 3394 1231 3461 Plutarchus
1259 3411 1343 3458 oum

158 3513 289 3580 Tacito
316 3516 502 3581 consentit
531 3521 643 3602 atque
666 3517 731 3584 ubi
750 3517 945 3584 multaeet
964 3533 1124 3601 magnae
1144 3516 1343 3579 occurrunt

160 3634 288 3700 similit
275 3634 433 3714 tudineS,
461 3635 507 3702 de
537 3637 663 3703 Tacit
691 3638 803 3704 haust
789 3641 867 3703 tum
895 3643 962 3702 est.
1019 3633 1168 3718 Excipit
1171 3653 1216 3699 ur
1243 3651 1342 3697 unus

159 3754 208 3819 do
245 3754 403 3821 Fabullo
441 3756 621 3823 loousv
581 3757 632 3841 (v
669 3757 745 3823 9—
696 3757 827 3842 -17)‚
856 3755 958 3822 haud
987 3755 1063 3821 saio
1092 3753 1275 3820 anoliam
1305 3771 1340 3817 v

266 4045 289 4121 ¹)
313 4045 371 4103 Cir.
395 4046 477 4104 Suet.
501 4045 561 4103 vit.
586 4047 624 4105 10
652 4045 773 4104 Contrane
795 4051 894 4102 autem
916 4050 999 4119 alque
1020 4041 1133 4118 riqinti,
1157 4058 1283 4116 quarum
1307 4039 1341 4096 li-

162 4147 249 4206 bcllos
287 4147 395 4207 Olbonr'
423 4148 503 4205 clatos
531 4148 677 4205 inuenerat
706 4147 915 4223 exposcentium
934 4146 1101 4223 praemium
1126 4145 1159 4202 ob
1182 4143 1286 4201 editam
1309 4141 1342 4199 in

161 4251 241 4308 caede
270 4250 374 4309 Galbae
396 4269 523 4326 operam,
546 4250 679 4324 conquiri
699 4256 725 4308 et
746 4249 887 4325 supplicio
910 4249 997 4324 adlici
1018 4246 1177 4322 imperauit.
