2978 4800
197 229 236 288 36

153 421 233 487 eius
254 427 398 506 partem
418 421 464 487 de
484 421 622 505 scripto
637 421 812 487 recitasse
828 421 986 488 Galbam
1003 414 1041 506 l).
1070 423 1272 490 Praeterea
1287 443 1326 490 eo

153 541 384 608 Mommsenii
427 541 639 607 coniectura
681 540 973 619 commendatur,
1003 542 1105 626 quod
1134 543 1172 608 in
1200 543 1327 610 eodem

152 679 308 744 prorsus
328 661 598 726 sententiarum
618 666 794 727 contextu
812 660 1002 727 Plutarchi
1021 667 1058 728 et
1076 662 1193 729 Taciti
1214 663 1328 729 verba

152 784 250 846 sunt.
307 780 358 846 Et
392 779 632 846 Plutarchum
668 779 819 864 quidem
849 781 1073 865 aliquotiens
1103 801 1224 868 aeque
1253 802 1330 868 per·

152 918 281 984 peram
300 899 484 984 quasdam
513 918 624 966 voces
652 899 805 965 Latinas
833 900 1117 985 interpretatum
1137 921 1221 968 esse
1242 903 1331 969 satis

152 1023 298 1086 con-stat
313 1012 352 1103 ¹²).
396 1019 505 1096 Quod
536 1025 660 1085 autem
683 1019 887 1086 Mommsen
907 1039 983 1087 non
1003 1041 1050 1087 ex
1069 1021 1206 1100 Tacito,
1227 1023 1332 1089 sede

151 1138 254 1205 fonte
281 1139 467 1205 communi
494 1139 590 1205 male
610 1143 806 1224 perspecto
825 1139 918 1205 haec
934 1139 1092 1207 fluxisse
1113 1140 1330 1221 arbitratur,

152 1259 185 1325 ei
222 1278 341 1343 usque
378 1278 422 1325 eo
459 1278 534 1324 non
572 1259 766 1337 assentior,
805 1266 846 1324 ut
881 1259 951 1325 hoc
986 1260 1045 1326 vel
1073 1261 1236 1327 maxime
1263 1281 1332 1346 pro

151 1377 260 1445 nobis
290 1397 372 1444 esse
400 1397 582 1445 censeam.
639 1377 732 1444 Nam
763 1366 950 1445 auctorem
980 1380 1075 1446 adeo
1102 1399 1332 1465 quemquam

150 1498 325 1585 religiose
360 1498 586 1582 descriptum
620 1517 702 1564 esse
738 1518 758 1563 a
787 1498 924 1577 Tacite,
955 1500 1061 1566 utin
1089 1501 1251 1567 eundem
1282 1521 1333 1568 er·

151 1637 272 1685 rorem
302 1625 459 1704 uterque
488 1618 728 1702 interpretem
756 1617 959 1697 induceret,
989 1619 1024 1685 id
1055 1620 1204 1686 demum
1236 1621 1333 1687 diffi-

151 1737 323 1803 cillimum
353 1741 409 1803 est
436 1737 675 1821 persuadere.

256 1856 419 1923 17-19.
476 1857 579 1922 Haec
619 1877 771 1941 quoque
807 1857 934 1923 verbis
963 1857 1079 1924 Taciti
1106 1859 1251 1943 pariter
1281 1880 1335 1928 re·

151 1978 348 2062 spondent,
369 1977 473 2043 cuins
492 1977 715 2043 Plutarchus
734 1977 903 2064 vestigiis
922 1977 1116 2064 ingressus
1136 1983 1203 2048 est.
1231 1979 1334 2047 Sane

150 2089 246 2191 μηδὲ
276 2087 353 2166 τότε
381 2119 411 2162 κ.
441 2121 471 2164 r.
502 2096 532 2163 l.
563 2097 674 2162 etiam
702 2097 823 2182 magis
850 2116 932 2163 cum
963 2096 1141 2164 Suetonio
1161 2099 1226 2182 (ue
1245 2104 1335 2168 tuuc

151 2216 307 2302 quidem
337 2235 367 2282 e.
398 2236 433 2300 q.
464 2216 509 2301 s.)
538 2221 750 2301 congruunt
777 2236 888 2301 quam
918 2237 999 2283 cum
1029 2217 1155 2284 Tacito
1167 2210 1209 2303 3).
1263 2219 1336 2288 Sed

149 2335 373 2402 Plutarchus
406 2336 498 2401 haec
525 2336 562 2401 in
592 2335 722 2402 eodem
756 2336 871 2403 habet
897 2342 1074 2404 contextu
1102 2339 1335 2408 narrationis

150 2474 226 2540 quo
255 2455 413 2533 Tacitus
441 2455 478 2521 in
508 2455 580 2521 alio
601 2475 669 2521 sua
691 2454 902 2522 Suetonius
951 2457 1010 2523 Ex
1030 2477 1106 2542 quo
1125 2457 1168 2523 fit
1186 2462 1231 2525 ut
1250 2460 1338 2527 Plu·

150 2576 302 2642 tarchus
344 2575 509 2641 Tacitum
553 2595 715 2660 sequens
751 2577 863 2643 fontis
898 2578 1103 2643 communis
1132 2583 1220 2644 ante
1249 2579 1337 2648 lecti

150 2695 242 2761 haec
269 2695 380 2761 modo
408 2695 525 2762 verba
554 2695 771 2761 recordatus
791 2714 873 2761 esse
892 2695 1077 2762 videatur.
1117 2695 1192 2762 Ofr.
1215 2718 1337 2784 supra

150 2814 196 2880 de
225 2803 343 2909 ἄφνω.

256 2933 420 2999 19-22.
467 2932 589 2999 Etiam
618 2934 656 3000 in
685 2934 743 3001 his
771 2954 914 3000 summa
934 2934 1232 3020 deprehenditur
1251 2956 1340 3004 con·

150 3053 333 3128 sonantia,
361 3071 436 3136 qua
466 3052 511 3118 de
540 3052 667 3119 Tacito
696 3059 844 3138 sumpta
874 3073 955 3120 esse
983 3048 1251 3146 indicantur4).

255 3240 276 3301 Ι)
299 3233 404 3312 Neque
436 3244 505 3310 apte
533 3236 646 3294 limnss
670 3235 688 3293 1.
711 3236 731 3294 l.
755 3245 905 3312 comparat
928 3237 1089 3295 orationem
1113 3237 1296 3314 Nymphidii
1320 3261 1337 3298 a

151 3339 296 3413 Cingonio
320 3339 471 3414 scriptam,
494 3339 526 3397 Ρ.
549 3337 582 3396 G.
610 3341 656 3396 14.

251 3440 275 3514 ²)
299 3440 358 3499 etr.
382 3441 535 3500 Praefatio.

251 3544 275 3605 ³l
298 3544 398 3603 Minus
429 3553 508 3602 recte
539 3544 624 3602 Fabia
647 3563 675 3619 p.
701 3546 760 3604 138
784 3544 863 3602 hunc
885 3544 984 3602 locum
1007 3545 1037 3602 in
1060 3563 1219 3603 numerum
1241 3547 1335 3606 refert

148 3662 260 3716 eorum,
283 3647 331 3704 uhi
355 3646 514 3705 Suetonius
537 3646 639 3704 Tacito
662 3664 751 3722 qnam
775 3646 933 3704 Plutarcho
957 3647 1081 3704 similior
1101 3653 1155 3705 est.

251 3746 276 3811 ‘l
302 3749 345 3827 lig
368 3748 450 3827 φωνῇ
472 3760 502 3808 et
520 3768 623 3811 ικγ’νηιο,
634 3747 677 3826 τῷ
690 3743 837 3829 προσώπῳ
852 3757 882 3807 et
898 3749 975 3806 nullu
991 3750 1068 3808 inter
1083 3768 1115 3808 se
1130 3752 1331 3826 respondent3

148 3849 176 3912 oi
196 3845 337 3929 suprius·
358 3869 374 3908 e
396 3851 493 3908 statim
526 3851 704 3909 intuentibus
735 3859 831 3909 ortum
864 3851 981 3910 videtur
1011 3870 1079 3911 esse
1101 3853 1156 3925 (sic
1179 3851 1275 3911 Wolff
1295 3856 1332 3913 ad

148 3952 162 4011 Ι
188 3956 224 4012 1ῖ
251 3972 276 4010 r.
302 3953 338 4013 n.
362 3987 403 3995 -
427 3953 520 4012 Parra
552 3961 597 4012 est
632 3954 679 4012 hic
711 3953 909 4029 discrepantia
936 3955 1014 4012 inter
1043 3954 1178 4013 Tacitum
1200 3963 1231 4014 et
1262 3956 1332 4016 Plu·

148 4055 293 4118 tarchum.
316 4056 396 4131 quod
420 4056 470 4114 ille
493 4075 546 4115 sua
568 4064 639 4114 aute
661 4057 830 4114 contionem
846 4064 1029 4114 castrensem
1045 4057 1157 4132 posuit.
1190 4056 1249 4116 Sed
1274 4059 1331 4119 Le

149 4158 226 4216 rium
249 4165 279 4216 et
302 4157 428 4217 Fabiam.
450 4159 530 4234 quod
556 4158 731 4216 liraussium
756 4177 783 4234 p.
807 4161 825 4216 9
849 4160 942 4217 secuti
966 4159 1158 4218 Plutarchum
1181 4178 1218 4218 ea
1240 4162 1273 4219 in
1288 4162 1331 4221 lo·

148 4277 217 4318 cnm
239 4278 357 4336 sparum
380 4270 499 4336 aptum
524 4261 717 4319 transtulisse
739 4262 908 4336 opinantur,
922 4261 982 4319 inlli
998 4261 1127 4320 declarat
1141 4281 1211 4321 urooe
1225 4262 1331 4324 Taciti.
