<?xml version="1.0" encoding="UTF-8"?>
<!DOCTYPE html PUBLIC "-//W3C//DTD XHTML 1.0 Transitional//EN"
    "http://www.w3.org/TR/xhtml1/DTD/xhtml1-transitional.dtd">
<html xmlns="http://www.w3.org/1999/xhtml" xml:lang="en" lang="en">
 <head>
  <title>
</title>
<meta http-equiv="Content-Type" content="text/html;charset=utf-8" />
  <meta name='ocr-system' content='tesseract 3.04.00' />
  <meta name='ocr-capabilities' content='ocr_page ocr_carea ocr_par ocr_line ocrx_word'/>
</head>
<body>
  <div class='ocr_page' id='page_1' title='image "./deplutarchoetta00boregoog_0083.png"; bbox 0 0 2978 4800; ppageno 0'>
   <div class='ocr_carea' id='block_1_1' title="bbox 192 231 235 294">
    <p class='ocr_par' dir='ltr' id='par_1_1' title="bbox 192 231 235 294">
     <span class='ocr_line' id='line_1_1' title="bbox 192 231 235 294; baseline -0.116 0"><span class='ocrx_word' id='word_1_1' title='bbox 192 231 235 294; x_wconf 84' lang='grc'>,40</span> 
     </span>
    </p>
   </div>
   <div class='ocr_carea' id='block_1_2' title="bbox 146 409 1332 1716">
    <p class='ocr_par' dir='ltr' id='par_1_2' title="bbox 146 409 1332 1716">
     <span class='ocr_line' id='line_1_2' title="bbox 195 409 1322 496; baseline -0.004 -20"><span class='ocrx_word' id='word_1_2' title='bbox 195 417 321 476; x_wconf 83' lang='grc'>20-28</span> <span class='ocrx_word' id='word_1_3' title='bbox 353 409 514 495; x_wconf 75' lang='grc' dir='ltr'><strong><em>παραστάς</em></strong></span> <span class='ocrx_word' id='word_1_4' title='bbox 537 410 717 496; x_wconf 72' lang='grc' dir='ltr'><strong><em>Ὀνόμαστος</em></strong></span> <span class='ocrx_word' id='word_1_5' title='bbox 813 415 871 473; x_wconf 83' lang='lat' dir='ltr'>Nee</span> <span class='ocrx_word' id='word_1_6' title='bbox 903 414 994 473; x_wconf 74' lang='lat' dir='ltr'>ritrilto</span> <span class='ocrx_word' id='word_1_7' title='bbox 1023 421 1089 490; x_wconf 80' lang='lat' dir='ltr'>pest</span> <span class='ocrx_word' id='word_1_8' title='bbox 1111 415 1228 474; x_wconf 79' lang='lat' dir='ltr'>tibertus</span> <span class='ocrx_word' id='word_1_9' title='bbox 1255 414 1322 473; x_wconf 83' lang='lat' dir='ltr'>Oue-</span> 
     </span>
     <span class='ocr_line' id='line_1_3' title="bbox 149 510 1324 602; baseline -0.009 -19"><span class='ocrx_word' id='word_1_10' title='bbox 149 513 353 598; x_wconf 75' lang='grc' dir='ltr'><strong><em>ᾰαελεὺθεοος</em></strong></span> <span class='ocrx_word' id='word_1_11' title='bbox 386 510 462 598; x_wconf 74' lang='grc' dir='ltr'><strong><em>ἥκειν</em></strong></span> <span class='ocrx_word' id='word_1_12' title='bbox 492 516 544 599; x_wconf 71' lang='grc' dir='ltr'>ἔφη</span> <span class='ocrx_word' id='word_1_13' title='bbox 572 513 621 580; x_wconf 76' lang='grc' dir='ltr'>καὶ</span> <span class='ocrx_word' id='word_1_14' title='bbox 643 544 717 602; x_wconf 71' lang='grc' dir='ltr'><strong><em>περι·</em></strong></span> <span class='ocrx_word' id='word_1_15' title='bbox 768 524 882 575; x_wconf 70' lang='lat' dir='ltr'>nuestus</span> <span class='ocrx_word' id='word_1_16' title='bbox 905 516 1020 574; x_wconf 80' lang='lat' dir='ltr'>iiuutict</span> <span class='ocrx_word' id='word_1_17' title='bbox 1040 517 1195 593; x_wconf 63' lang='lat' dir='ltr'>expectari</span> <span class='ocrx_word' id='word_1_18' title='bbox 1216 535 1282 574; x_wconf 84' lang='lat' dir='ltr'>euru</span> <span class='ocrx_word' id='word_1_19' title='bbox 1296 517 1324 572; x_wconf 86' lang='lat' dir='ltr'>eb</span> 
     </span>
     <span class='ocr_line' id='line_1_4' title="bbox 149 612 1325 703; baseline -0.009 -18"><span class='ocrx_word' id='word_1_20' title='bbox 149 621 241 702; x_wconf 69' lang='grc' dir='ltr'>μένειν</span> <span class='ocrx_word' id='word_1_21' title='bbox 263 612 363 682; x_wconf 73' lang='grc' dir='ltr'><strong><em>αὐτὸν</em></strong></span> <span class='ocrx_word' id='word_1_22' title='bbox 395 615 468 682; x_wconf 75' lang='grc' dir='ltr'><strong><em>οἴκοι</em></strong></span> <span class='ocrx_word' id='word_1_23' title='bbox 503 614 571 690; x_wconf 78' lang='grc' dir='ltr'><strong><em>τοὺς</em></strong></span> <span class='ocrx_word' id='word_1_24' title='bbox 604 615 717 703; x_wconf 76' lang='grc' dir='ltr'><strong><em>οἷρχιτέ.</em></strong></span> <span class='ocrx_word' id='word_1_25' title='bbox 768 618 915 676; x_wconf 80' lang='lat' dir='ltr'>architecto</span> <span class='ocrx_word' id='word_1_26' title='bbox 944 625 969 677; x_wconf 91' lang='lat' dir='ltr'>et</span> <span class='ocrx_word' id='word_1_27' title='bbox 998 619 1230 694; x_wconf 78' lang='lat' dir='ltr'>redemptoubus,</span> <span class='ocrx_word' id='word_1_28' title='bbox 1261 637 1325 694; x_wconf 79' lang='lat' dir='ltr'>quae</span> 
     </span>
     <span class='ocr_line' id='line_1_5' title="bbox 150 710 1326 804; baseline -0.008 -19"><span class='ocrx_word' id='word_1_29' title='bbox 150 747 265 794; x_wconf 79' lang='grc' dir='ltr'><strong><em>κτοοας.</em></strong></span> <span class='ocrx_word' id='word_1_30' title='bbox 301 710 362 784; x_wconf 67' lang='grc' dir='ltr'>Ἠν</span> <span class='ocrx_word' id='word_1_31' title='bbox 383 718 413 784; x_wconf 78' lang='lat' dir='ltr'>bi</span> <span class='ocrx_word' id='word_1_32' title='bbox 436 716 579 804; x_wconf 74' lang='grc' dir='ltr'><strong><em>σύμβολον</em></strong></span> <span class='ocrx_word' id='word_1_33' title='bbox 605 723 717 804; x_wconf 75' lang='grc' dir='ltr'><strong><em>καιροῦ,</em></strong></span> <span class='ocrx_word' id='word_1_34' title='bbox 768 719 943 796; x_wconf 75' lang='lat' dir='ltr'>siquitirutio</span> <span class='ocrx_word' id='word_1_35' title='bbox 976 721 1142 779; x_wconf 81' lang='lat' dir='ltr'>eoiuutiu-ru</span> <span class='ocrx_word' id='word_1_36' title='bbox 1171 721 1233 778; x_wconf 87' lang='lat' dir='ltr'>iam</span> <span class='ocrx_word' id='word_1_37' title='bbox 1252 720 1326 777; x_wconf 85' lang='lat' dir='ltr'>rnili-</span> 
     </span>
     <span class='ocr_line' id='line_1_6' title="bbox 149 818 1327 905; baseline -0.003 -18"><span class='ocrx_word' id='word_1_38' title='bbox 149 819 221 903; x_wconf 78' lang='grc' dir='ltr'>πρὸς</span> <span class='ocrx_word' id='word_1_39' title='bbox 236 818 269 887; x_wconf 77' lang='lat' dir='ltr'>br</span> <span class='ocrx_word' id='word_1_40' title='bbox 283 823 338 889; x_wconf 83' lang='grc' dir='ltr'><strong><em>ἔδει</em></strong></span> <span class='ocrx_word' id='word_1_41' title='bbox 353 818 523 905; x_wconf 72' lang='grc' dir='ltr'><strong><em>ἀπαιτῆσαι</em></strong></span> <span class='ocrx_word' id='word_1_42' title='bbox 537 818 717 888; x_wconf 80' lang='grc' dir='ltr'><strong><em>τόνὌθωοα</em></strong></span> <span class='ocrx_word' id='word_1_43' title='bbox 770 829 833 882; x_wconf 76' lang='lat' dir='ltr'>tum</span> <span class='ocrx_word' id='word_1_44' title='bbox 854 832 880 881; x_wconf 80' lang='lat' dir='ltr'>et</span> <span class='ocrx_word' id='word_1_45' title='bbox 894 828 1013 898; x_wconf 71' lang='lat' dir='ltr'>paratae</span> <span class='ocrx_word' id='word_1_46' title='bbox 1035 821 1247 881; x_wconf 71' lang='lat' dir='ltr'>coniurattbuis</span> <span class='ocrx_word' id='word_1_47' title='bbox 1267 840 1327 879; x_wconf 75' lang='lat' dir='ltr'>eou-</span> 
     </span>
     <span class='ocr_line' id='line_1_7' title="bbox 148 915 1329 1006; baseline 0 -19"><span class='ocrx_word' id='word_1_48' title='bbox 148 934 210 997; x_wconf 83' lang='grc' dir='ltr'><strong><em>τοῖς</em></strong></span> <span class='ocrx_word' id='word_1_49' title='bbox 232 919 434 1006; x_wconf 80' lang='grc' dir='ltr'><strong><em>στρατιώταις.</em></strong></span> <span class='ocrx_word' id='word_1_50' title='bbox 475 919 572 988; x_wconf 76' lang='lat' dir='ltr'>Eiuuiv</span> <span class='ocrx_word' id='word_1_51' title='bbox 593 915 652 1000; x_wconf 73' lang='lat' dir='ltr'>eir,</span> <span class='ocrx_word' id='word_1_52' title='bbox 674 920 719 991; x_wconf 79' lang='grc' dir='ltr'>ὅτι</span> <span class='ocrx_word' id='word_1_53' title='bbox 770 931 890 984; x_wconf 73' lang='lat' dir='ltr'>veneral·</span> <span class='ocrx_word' id='word_1_54' title='bbox 941 925 1022 997; x_wconf 77' lang='lat' dir='ltr'>Otho,</span> <span class='ocrx_word' id='word_1_55' title='bbox 1045 943 1165 983; x_wconf 68' lang='lat' dir='ltr'>tautam</span> <span class='ocrx_word' id='word_1_56' title='bbox 1186 924 1329 999; x_wconf 64' lang='lat' dir='ltr'>difflsstttw</span> 
     </span>
     <span class='ocr_line' id='line_1_8' title="bbox 150 1019 1329 1109; baseline -0.003 -21"><span class='ocrx_word' id='word_1_57' title='bbox 150 1019 282 1091; x_wconf 76' lang='grc' dir='ltr'><strong><em>ααλαιοὶν</em></strong></span> <span class='ocrx_word' id='word_1_58' title='bbox 301 1026 458 1107; x_wconf 70' lang='grc' dir='ltr'>ἐωνημένος</span> <span class='ocrx_word' id='word_1_59' title='bbox 475 1026 567 1090; x_wconf 78' lang='grc' dir='ltr'><strong><em>οἰκίαν</em></strong></span> <span class='ocrx_word' id='word_1_60' title='bbox 581 1023 717 1109; x_wconf 70' lang='grc' dir='ltr'><strong><em>βούλεται</em></strong></span> <span class='ocrx_word' id='word_1_61' title='bbox 770 1028 989 1104; x_wconf 76' lang='lat' dir='ltr'>requirentibus,</span> <span class='ocrx_word' id='word_1_62' title='bbox 1004 1046 1070 1086; x_wconf 86' lang='lat' dir='ltr'>curu</span> <span class='ocrx_word' id='word_1_63' title='bbox 1092 1027 1150 1086; x_wconf 81' lang='lat' dir='ltr'>eui-i</span> <span class='ocrx_word' id='word_1_64' title='bbox 1171 1026 1230 1084; x_wconf 82' lang='lat' dir='ltr'>sibi</span> <span class='ocrx_word' id='word_1_65' title='bbox 1248 1045 1329 1101; x_wconf 87' lang='lat' dir='ltr'>prec-</span> 
     </span>
     <span class='ocr_line' id='line_1_9' title="bbox 149 1124 1331 1211; baseline -0.006 -19"><span class='ocrx_word' id='word_1_66' title='bbox 149 1124 189 1192; x_wconf 78' lang='lat' dir='ltr'>cci</span> <span class='ocrx_word' id='word_1_67' title='bbox 223 1125 339 1191; x_wconf 77' lang='lat' dir='ltr'>incure</span> <span class='ocrx_word' id='word_1_68' title='bbox 368 1130 460 1203; x_wconf 79' lang='grc' dir='ltr'><strong><em>δεῖξαι</em></strong></span> <span class='ocrx_word' id='word_1_69' title='bbox 482 1137 542 1199; x_wconf 82' lang='grc' dir='ltr'><strong><em>τοῖς</em></strong></span> <span class='ocrx_word' id='word_1_70' title='bbox 564 1135 718 1211; x_wconf 54' lang='grc' dir='ltr'><strong><em>πωληταῖς,</em></strong></span> <span class='ocrx_word' id='word_1_71' title='bbox 770 1131 819 1189; x_wconf 87' lang='lat' dir='ltr'>dia</span> <span class='ocrx_word' id='word_1_72' title='bbox 841 1136 974 1188; x_wconf 79' lang='lat' dir='ltr'>uetustate</span> <span class='ocrx_word' id='word_1_73' title='bbox 995 1134 1123 1205; x_wconf 71' lang='lat' dir='ltr'>mspecte</span> <span class='ocrx_word' id='word_1_74' title='bbox 1146 1147 1233 1204; x_wconf 83' lang='lat' dir='ltr'>eoque</span> <span class='ocrx_word' id='word_1_75' title='bbox 1246 1129 1331 1203; x_wconf 82' lang='lat' dir='ltr'>prius</span> 
     </span>
     <span class='ocr_line' id='line_1_10' title="bbox 151 1223 1330 1313; baseline -0.007 -19"><span class='ocrx_word' id='word_1_76' title='bbox 151 1227 279 1312; x_wconf 72' lang='grc' dir='ltr'>ἀπῆλθε,</span> <span class='ocrx_word' id='word_1_77' title='bbox 302 1226 350 1291; x_wconf 74' lang='grc' dir='ltr'>καὶ</span> <span class='ocrx_word' id='word_1_78' title='bbox 373 1223 421 1292; x_wconf 80' lang='lat' dir='ltr'>bui</span> <span class='ocrx_word' id='word_1_79' title='bbox 443 1231 495 1312; x_wconf 81' lang='grc' dir='ltr'>τῆς</span> <span class='ocrx_word' id='word_1_80' title='bbox 520 1232 650 1313; x_wconf 69' lang='grc' dir='ltr'><strong><em>Τιβερίου</em></strong></span> <span class='ocrx_word' id='word_1_81' title='bbox 670 1260 718 1295; x_wconf 80' lang='grc' dir='ltr'>κα·</span> <span class='ocrx_word' id='word_1_82' title='bbox 770 1233 943 1309; x_wconf 74' lang='lat' dir='ltr'>inploranda</span> <span class='ocrx_word' id='word_1_83' title='bbox 972 1232 1111 1307; x_wconf 65' lang='lat' dir='ltr'>punisset,</span> <span class='ocrx_word' id='word_1_84' title='bbox 1143 1230 1269 1288; x_wconf 80' lang='lat' dir='ltr'>ireuicus</span> <span class='ocrx_word' id='word_1_85' title='bbox 1298 1230 1330 1286; x_wconf 89' lang='lat' dir='ltr'>li-</span> 
     </span>
     <span class='ocr_line' id='line_1_11' title="bbox 149 1326 1332 1416; baseline -0.007 -20"><span class='ocrx_word' id='word_1_86' title='bbox 149 1332 285 1414; x_wconf 79' lang='grc' dir='ltr'><strong><em>λοομέιης</em></strong></span> <span class='ocrx_word' id='word_1_87' title='bbox 314 1331 405 1402; x_wconf 83' lang='grc' dir='ltr'><strong><em>οἰκίας</em></strong></span> <span class='ocrx_word' id='word_1_88' title='bbox 434 1326 568 1416; x_wconf 60' lang='lat' dir='ltr'>aucupiis·</span> <span class='ocrx_word' id='word_1_89' title='bbox 590 1330 719 1416; x_wconf 73' lang='grc' dir='ltr'><strong><em>ἐβάδιζεν</em></strong></span> <span class='ocrx_word' id='word_1_90' title='bbox 770 1336 844 1394; x_wconf 87' lang='lat' dir='ltr'>berto</span> <span class='ocrx_word' id='word_1_91' title='bbox 869 1353 923 1410; x_wconf 86' lang='lat' dir='ltr'>per</span> <span class='ocrx_word' id='word_1_92' title='bbox 956 1333 1134 1392; x_wconf 75' lang='lat' dir='ltr'>lteeuuam</span> <span class='ocrx_word' id='word_1_93' title='bbox 1156 1333 1280 1390; x_wconf 84' lang='lat' dir='ltr'>domurn</span> <span class='ocrx_word' id='word_1_94' title='bbox 1301 1331 1332 1389; x_wconf 89' lang='lat' dir='ltr'>iu</span> 
     </span>
     <span class='ocr_line' id='line_1_12' title="bbox 149 1423 1330 1518; baseline -0.005 -22"><span class='ocrx_word' id='word_1_95' title='bbox 149 1434 189 1504; x_wconf 77' lang='grc' dir='ltr'>εἰς</span> <span class='ocrx_word' id='word_1_96' title='bbox 221 1424 348 1514; x_wconf 70' lang='lat' dir='ltr'>ripaque,</span> <span class='ocrx_word' id='word_1_97' title='bbox 379 1423 413 1497; x_wconf 76' lang='grc' dir='ltr'>οὗ</span> <span class='ocrx_word' id='word_1_98' title='bbox 443 1436 567 1515; x_wconf 75' lang='grc' dir='ltr'><strong><em>χρυσοῦς</em></strong></span> <span class='ocrx_word' id='word_1_99' title='bbox 597 1431 718 1518; x_wconf 66' lang='grc' dir='ltr'>εἱστήκει</span> <span class='ocrx_word' id='word_1_100' title='bbox 777 1438 937 1509; x_wconf 74' lang='lat' dir='ltr'><em>Velabrum,</em></span> <span class='ocrx_word' id='word_1_101' title='bbox 961 1436 1026 1494; x_wconf 82' lang='lat' dir='ltr'>iude</span> <span class='ocrx_word' id='word_1_102' title='bbox 1043 1436 1081 1493; x_wconf 87' lang='lat' dir='ltr'>ud</span> <span class='ocrx_word' id='word_1_103' title='bbox 1094 1435 1267 1493; x_wconf 83' lang='lat' dir='ltr'>mitioriuui</span> <span class='ocrx_word' id='word_1_104' title='bbox 1280 1452 1330 1491; x_wconf 88' lang='grc' dir='ltr'>αα-</span> 
     </span>
     <span class='ocr_line' id='line_1_13' title="bbox 149 1530 1332 1618; baseline -0.003 -20"><span class='ocrx_word' id='word_1_105' title='bbox 149 1535 227 1610; x_wconf 78' lang='lat' dir='ltr'>uiue,</span> <span class='ocrx_word' id='word_1_106' title='bbox 264 1534 304 1606; x_wconf 82' lang='grc' dir='ltr'>εἰς</span> <span class='ocrx_word' id='word_1_107' title='bbox 336 1530 369 1599; x_wconf 79' lang='lat' dir='ltr'>br</span> <span class='ocrx_word' id='word_1_108' title='bbox 402 1536 433 1598; x_wconf 84' lang='lat' dir='ltr'>ui</span> <span class='ocrx_word' id='word_1_109' title='bbox 465 1537 635 1618; x_wconf 77' lang='grc' dir='ltr'><strong><em>τετμημέναι</em></strong></span> <span class='ocrx_word' id='word_1_110' title='bbox 667 1539 718 1618; x_wconf 76' lang='grc' dir='ltr'>τῆς</span> <span class='ocrx_word' id='word_1_111' title='bbox 770 1559 850 1597; x_wconf 84' lang='lat' dir='ltr'>reum</span> <span class='ocrx_word' id='word_1_112' title='bbox 882 1539 935 1596; x_wconf 84' lang='lat' dir='ltr'>sub</span> <span class='ocrx_word' id='word_1_113' title='bbox 967 1537 1063 1596; x_wconf 84' lang='lat' dir='ltr'>eedem</span> <span class='ocrx_word' id='word_1_114' title='bbox 1089 1537 1212 1594; x_wconf 77' lang='lat' dir='ltr'><strong><em>Saturni</em></strong></span> <span class='ocrx_word' id='word_1_115' title='bbox 1230 1538 1332 1612; x_wconf 81' lang='lat' dir='ltr'>perpit.</span> 
     </span>
     <span class='ocr_line' id='line_1_14' title="bbox 146 1632 717 1716; baseline 0.009 -18"><span class='ocrx_word' id='word_1_116' title='bbox 146 1632 274 1706; x_wconf 77' lang='grc' dir='ltr'><strong><em>Ἰταλίας</em></strong></span> <span class='ocrx_word' id='word_1_117' title='bbox 301 1632 361 1700; x_wconf 71' lang='grc' dir='ltr'>ὁδοὶ</span> <span class='ocrx_word' id='word_1_118' title='bbox 387 1637 485 1700; x_wconf 80' lang='grc' dir='ltr'><strong><em>αοῖσαι</em></strong></span> <span class='ocrx_word' id='word_1_119' title='bbox 506 1640 717 1716; x_wconf 70' lang='grc' dir='ltr'>τελοοτῶοιο“).</span> 
     </span>
    </p>
   </div>
   <div class='ocr_carea' id='block_1_3' title="bbox 150 1811 1337 3092">
    <p class='ocr_par' dir='ltr' id='par_1_3' title="bbox 150 1811 1334 2498">
     <span class='ocr_line' id='line_1_15' title="bbox 258 1811 1333 1903; baseline 0.004 -25"><span class='ocrx_word' id='word_1_120' title='bbox 258 1811 432 1879; x_wconf 85' lang='lat' dir='ltr'>Summus</span> <span class='ocrx_word' id='word_1_121' title='bbox 460 1814 521 1880; x_wconf 92' lang='lat' dir='ltr'>ille</span> <span class='ocrx_word' id='word_1_122' title='bbox 549 1835 624 1882; x_wconf 92' lang='lat' dir='ltr'>non</span> <span class='ocrx_word' id='word_1_123' title='bbox 652 1818 937 1903; x_wconf 81' lang='lat' dir='ltr'>interrumpitur</span> <span class='ocrx_word' id='word_1_124' title='bbox 963 1834 1179 1892; x_wconf 86' lang='lat' dir='ltr'>consensus,</span> <span class='ocrx_word' id='word_1_125' title='bbox 1200 1835 1333 1882; x_wconf 91' lang='lat' dir='ltr'>unum·</span> 
     </span>
     <span class='ocr_line' id='line_1_16' title="bbox 151 1932 1334 2017; baseline 0.004 -20"><span class='ocrx_word' id='word_1_126' title='bbox 151 1952 225 2017; x_wconf 86' lang='lat' dir='ltr'>que</span> <span class='ocrx_word' id='word_1_127' title='bbox 244 1932 467 1999; x_wconf 78' lang='lat' dir='ltr'>Plutarchus</span> <span class='ocrx_word' id='word_1_128' title='bbox 498 1935 544 2001; x_wconf 88' lang='lat' dir='ltr'>ad</span> <span class='ocrx_word' id='word_1_129' title='bbox 573 1956 724 2004; x_wconf 92' lang='lat' dir='ltr'>manum</span> <span class='ocrx_word' id='word_1_130' title='bbox 753 1937 868 2004; x_wconf 88' lang='lat' dir='ltr'>hahet</span> <span class='ocrx_word' id='word_1_131' title='bbox 896 1936 1072 2002; x_wconf 85' lang='lat' dir='ltr'>Tacitum.</span> <span class='ocrx_word' id='word_1_132' title='bbox 1125 1933 1184 2000; x_wconf 86' lang='lat' dir='ltr'>Ex</span> <span class='ocrx_word' id='word_1_133' title='bbox 1214 1935 1334 2002; x_wconf 89' lang='lat' dir='ltr'>altero</span> 
     </span>
     <span class='ocr_line' id='line_1_17' title="bbox 152 2053 1334 2140; baseline 0.003 -23"><span class='ocrx_word' id='word_1_134' title='bbox 152 2057 275 2118; x_wconf 87' lang='lat' dir='ltr'>autem</span> <span class='ocrx_word' id='word_1_135' title='bbox 313 2053 415 2119; x_wconf 86' lang='lat' dir='ltr'>fonte</span> <span class='ocrx_word' id='word_1_136' title='bbox 454 2055 558 2137; x_wconf 89' lang='lat' dir='ltr'>prius</span> <span class='ocrx_word' id='word_1_137' title='bbox 591 2058 754 2140; x_wconf 89' lang='lat' dir='ltr'>perlecto</span> <span class='ocrx_word' id='word_1_138' title='bbox 782 2056 874 2123; x_wconf 88' lang='lat' dir='ltr'><strong>nihil</strong></span> <span class='ocrx_word' id='word_1_139' title='bbox 901 2055 1011 2122; x_wconf 84' lang='lat' dir='ltr'>fluxit</span> <span class='ocrx_word' id='word_1_140' title='bbox 1039 2055 1334 2139; x_wconf 61' lang='lat' dir='ltr'>praeteribitur</span> 
     </span>
     <span class='ocr_line' id='line_1_18' title="bbox 150 2172 1333 2264; baseline 0.004 -29"><span class='ocrx_word' id='word_1_141' title='bbox 150 2191 183 2235; x_wconf 80' lang='grc' dir='ltr'>ν.</span> <span class='ocrx_word' id='word_1_142' title='bbox 206 2173 265 2249; x_wconf 88' lang='grc'>11,</span> <span class='ocrx_word' id='word_1_143' title='bbox 287 2172 447 2239; x_wconf 85' lang='lat' dir='ltr'>tortasse</span> <span class='ocrx_word' id='word_1_144' title='bbox 468 2174 577 2240; x_wconf 90' lang='lat' dir='ltr'>etiam</span> <span class='ocrx_word' id='word_1_145' title='bbox 599 2173 858 2264; x_wconf 69' lang='grc' dir='ltr'><strong><em>ἀρχιτέκτονος</em></strong></span> <span class='ocrx_word' id='word_1_146' title='bbox 871 2196 906 2241; x_wconf 90' lang='lat' dir='ltr'>v.</span> <span class='ocrx_word' id='word_1_147' title='bbox 925 2176 970 2241; x_wconf 82' lang='lat'>21</span> <span class='ocrx_word' id='word_1_148' title='bbox 990 2194 1045 2259; x_wconf 89' lang='lat' dir='ltr'>sq.</span> <span class='ocrx_word' id='word_1_149' title='bbox 1063 2175 1106 2240; x_wconf 92' lang='lat' dir='ltr'>In</span> <span class='ocrx_word' id='word_1_150' title='bbox 1122 2194 1157 2239; x_wconf 93' lang='lat' dir='ltr'>v.</span> <span class='ocrx_word' id='word_1_151' title='bbox 1178 2173 1333 2240; x_wconf 78' lang='lat'>19-20</span> 
     </span>
     <span class='ocr_line' id='line_1_19' title="bbox 151 2290 1330 2379; baseline 0.003 -23"><span class='ocrx_word' id='word_1_152' title='bbox 151 2290 373 2357; x_wconf 76' lang='lat' dir='ltr'>Plutarchus</span> <span class='ocrx_word' id='word_1_153' title='bbox 416 2294 666 2360; x_wconf 81' lang='lat' dir='ltr'>narrationem</span> <span class='ocrx_word' id='word_1_154' title='bbox 710 2296 824 2362; x_wconf 82' lang='lat' dir='ltr'>Taciti</span> <span class='ocrx_word' id='word_1_155' title='bbox 866 2296 916 2362; x_wconf 90' lang='lat' dir='ltr'>ita</span> <span class='ocrx_word' id='word_1_156' title='bbox 949 2294 1125 2371; x_wconf 90' lang='lat' dir='ltr'>condivit,</span> <span class='ocrx_word' id='word_1_157' title='bbox 1154 2298 1195 2359; x_wconf 87' lang='lat' dir='ltr'>ut</span> <span class='ocrx_word' id='word_1_158' title='bbox 1226 2313 1330 2379; x_wconf 89' lang='lat' dir='ltr'>repu-</span> 
     </span>
     <span class='ocr_line' id='line_1_20' title="bbox 152 2411 925 2498; baseline 0.009 -24"><span class='ocrx_word' id='word_1_159' title='bbox 152 2411 330 2496; x_wconf 80' lang='lat' dir='ltr'>gnantiae</span> <span class='ocrx_word' id='word_1_160' title='bbox 358 2412 544 2496; x_wconf 81' lang='lat' dir='ltr'>quaedam</span> <span class='ocrx_word' id='word_1_161' title='bbox 573 2415 715 2498; x_wconf 90' lang='lat' dir='ltr'>species</span> <span class='ocrx_word' id='word_1_162' title='bbox 744 2423 925 2483; x_wconf 87' lang='lat' dir='ltr'>oreretur.</span> 
     </span>
    </p>

    <p class='ocr_par' dir='ltr' id='par_1_4' title="bbox 254 2526 1334 2620">
     <span class='ocr_line' id='line_1_21' title="bbox 254 2526 1334 2620; baseline 0.003 -25"><span class='ocrx_word' id='word_1_163' title='bbox 254 2530 295 2596; x_wconf 94' lang='lat' dir='ltr'>V.</span> <span class='ocrx_word' id='word_1_164' title='bbox 318 2531 418 2598; x_wconf 52' lang='lat' dir='ltr'>lssb</span> <span class='ocrx_word' id='word_1_165' title='bbox 444 2531 491 2598; x_wconf 98' lang='lat' dir='ltr'>de</span> <span class='ocrx_word' id='word_1_166' title='bbox 512 2533 637 2600; x_wconf 90' lang='lat' dir='ltr'>Tacito</span> <span class='ocrx_word' id='word_1_167' title='bbox 658 2535 880 2602; x_wconf 88' lang='lat' dir='ltr'>adverbum</span> <span class='ocrx_word' id='word_1_168' title='bbox 900 2536 978 2602; x_wconf 86' lang='lat' dir='ltr'>fere</span> <span class='ocrx_word' id='word_1_169' title='bbox 998 2533 1168 2600; x_wconf 86' lang='lat' dir='ltr'>translati</span> <span class='ocrx_word' id='word_1_170' title='bbox 1189 2539 1282 2601; x_wconf 91' lang='lat' dir='ltr'>sunt</span> <span class='ocrx_word' id='word_1_171' title='bbox 1295 2526 1334 2620; x_wconf 74' lang='lat'>²²).</span> 
     </span>
    </p>

    <p class='ocr_par' dir='ltr' id='par_1_5' title="bbox 151 2651 1337 3092">
     <span class='ocr_line' id='line_1_22' title="bbox 254 2651 1336 2740; baseline 0.004 -24"><span class='ocrx_word' id='word_1_172' title='bbox 254 2651 357 2718; x_wconf 85' lang='lat'>5-6.</span> <span class='ocrx_word' id='word_1_173' title='bbox 410 2652 479 2718; x_wconf 90' lang='lat' dir='ltr'>His</span> <span class='ocrx_word' id='word_1_174' title='bbox 515 2673 666 2740; x_wconf 89' lang='lat' dir='ltr'>quoque</span> <span class='ocrx_word' id='word_1_175' title='bbox 701 2673 798 2738; x_wconf 90' lang='lat' dir='ltr'>qnae</span> <span class='ocrx_word' id='word_1_176' title='bbox 833 2660 919 2739; x_wconf 89' lang='lat' dir='ltr'>apte</span> <span class='ocrx_word' id='word_1_177' title='bbox 947 2654 1201 2738; x_wconf 87' lang='lat' dir='ltr'>respondeant</span> <span class='ocrx_word' id='word_1_178' title='bbox 1231 2654 1336 2738; x_wconf 90' lang='lat' dir='ltr'>apud</span> 
     </span>
     <span class='ocr_line' id='line_1_23' title="bbox 152 2763 1337 2868; baseline 0.003 -32"><span class='ocrx_word' id='word_1_179' title='bbox 152 2771 317 2836; x_wconf 85' lang='lat' dir='ltr'>Tacitum</span> <span class='ocrx_word' id='word_1_180' title='bbox 359 2773 613 2856; x_wconf 83' lang='lat' dir='ltr'>reperiuntur3</span> <span class='ocrx_word' id='word_1_181' title='bbox 659 2765 732 2868; x_wconf 73' lang='grc' dir='ltr'>ἤδη</span> <span class='ocrx_word' id='word_1_182' title='bbox 776 2766 946 2868; x_wconf 66' lang='grc' dir='ltr'><strong><em>σαθροὺς</em></strong></span> <span class='ocrx_word' id='word_1_183' title='bbox 982 2763 1093 2856; x_wconf 69' lang='grc' dir='ltr'><strong><em>ὄντας</em></strong></span> <span class='ocrx_word' id='word_1_184' title='bbox 1124 2777 1250 2838; x_wconf 88' lang='lat' dir='ltr'>ortum</span> <span class='ocrx_word' id='word_1_185' title='bbox 1279 2777 1337 2839; x_wconf 89' lang='lat' dir='ltr'>est</span> 
     </span>
     <span class='ocr_line' id='line_1_24' title="bbox 151 2891 1336 2978; baseline 0.003 -24"><span class='ocrx_word' id='word_1_186' title='bbox 151 2909 197 2955; x_wconf 88' lang='lat' dir='ltr'>ex</span> <span class='ocrx_word' id='word_1_187' title='bbox 226 2893 347 2955; x_wconf 82' lang='lat' dir='ltr'>motus</span> <span class='ocrx_word' id='word_1_188' title='bbox 376 2891 457 2956; x_wconf 86' lang='lat' dir='ltr'>iuni</span> <span class='ocrx_word' id='word_1_189' title='bbox 485 2896 640 2972; x_wconf 82' lang='lat' dir='ltr'>nieutes;</span> <span class='ocrx_word' id='word_1_190' title='bbox 670 2893 734 2958; x_wconf 87' lang='lat' dir='ltr'>cfr.</span> <span class='ocrx_word' id='word_1_191' title='bbox 765 2893 874 2959; x_wconf 91' lang='lat' dir='ltr'>etiam</span> <span class='ocrx_word' id='word_1_192' title='bbox 902 2912 1102 2978; x_wconf 81' lang='lat' dir='ltr'>suspensos</span> <span class='ocrx_word' id='word_1_193' title='bbox 1125 2895 1336 2958; x_wconf 86' lang='lat' dir='ltr'>ceterorum</span> 
     </span>
     <span class='ocr_line' id='line_1_25' title="bbox 152 3001 354 3092; baseline -0.01 -18"><span class='ocrx_word' id='word_1_194' title='bbox 152 3001 354 3092; x_wconf 60' lang='lat' dir='ltr'>animost).</span> 
     </span>
    </p>
   </div>
   <div class='ocr_carea' id='block_1_4' title="bbox 149 3190 1338 3680">
    <p class='ocr_par' dir='ltr' id='par_1_6' title="bbox 149 3190 1338 3680">
     <span class='ocr_line' id='line_1_26' title="bbox 256 3190 1338 3270; baseline 0.002 -20"><span class='ocrx_word' id='word_1_195' title='bbox 256 3190 280 3267; x_wconf 88' lang='lat'>¹)</span> <span class='ocrx_word' id='word_1_196' title='bbox 304 3193 361 3250; x_wconf 81' lang='lat' dir='ltr'>Cir.</span> <span class='ocrx_word' id='word_1_197' title='bbox 387 3190 471 3250; x_wconf 85' lang='lat' dir='ltr'>Suet.</span> <span class='ocrx_word' id='word_1_198' title='bbox 495 3192 526 3250; x_wconf 91' lang='grc' dir='ltr'>Ο.</span> <span class='ocrx_word' id='word_1_199' title='bbox 551 3198 568 3252; x_wconf 80' lang='lat' dir='ltr'>b</span> <span class='ocrx_word' id='word_1_200' title='bbox 588 3197 783 3270; x_wconf 83' lang='lat' dir='ltr'>preerrmuitis</span> <span class='ocrx_word' id='word_1_201' title='bbox 804 3196 926 3253; x_wconf 78' lang='lat' dir='ltr'>eoriseiis</span> <span class='ocrx_word' id='word_1_202' title='bbox 947 3202 979 3253; x_wconf 89' lang='lat' dir='ltr'>ut</span> <span class='ocrx_word' id='word_1_203' title='bbox 1000 3215 1029 3253; x_wconf 80' lang='lat' dir='ltr'>se</span> <span class='ocrx_word' id='word_1_204' title='bbox 1051 3195 1084 3252; x_wconf 88' lang='lat' dir='ltr'>in</span> <span class='ocrx_word' id='word_1_205' title='bbox 1107 3194 1171 3269; x_wconf 74' lang='lat' dir='ltr'>foro</span> <span class='ocrx_word' id='word_1_206' title='bbox 1193 3194 1248 3250; x_wconf 85' lang='lat' dir='ltr'>sub</span> <span class='ocrx_word' id='word_1_207' title='bbox 1268 3195 1338 3252; x_wconf 87' lang='lat' dir='ltr'>uede</span> 
     </span>
     <span class='ocr_line' id='line_1_27' title="bbox 155 3294 1337 3372; baseline 0.003 -20"><span class='ocrx_word' id='word_1_208' title='bbox 155 3295 278 3352; x_wconf 79' lang='lat' dir='ltr'>Saturni</span> <span class='ocrx_word' id='word_1_209' title='bbox 299 3294 338 3352; x_wconf 86' lang='lat' dir='ltr'>ud</span> <span class='ocrx_word' id='word_1_210' title='bbox 360 3295 522 3353; x_wconf 85' lang='lat' dir='ltr'>miliarium</span> <span class='ocrx_word' id='word_1_211' title='bbox 545 3316 667 3355; x_wconf 86' lang='lat' dir='ltr'>aureum</span> <span class='ocrx_word' id='word_1_212' title='bbox 690 3299 912 3372; x_wconf 88' lang='lat' dir='ltr'>opperirentur.</span> <span class='ocrx_word' id='word_1_213' title='bbox 932 3344 961 3356; x_wconf 91' lang='lat'>..</span> <span class='ocrx_word' id='word_1_214' title='bbox 979 3297 1088 3356; x_wconf 81' lang='lat' dir='ltr'>Deinde</span> <span class='ocrx_word' id='word_1_215' title='bbox 1115 3296 1212 3354; x_wconf 86' lang='lat' dir='ltr'>liberto</span> <span class='ocrx_word' id='word_1_216' title='bbox 1235 3297 1337 3355; x_wconf 83' lang='lat' dir='ltr'>adesse</span> 
     </span>
     <span class='ocr_line' id='line_1_28' title="bbox 151 3396 1336 3475; baseline 0.002 -21"><span class='ocrx_word' id='word_1_217' title='bbox 151 3396 315 3454; x_wconf 83' lang='lat' dir='ltr'>architectos</span> <span class='ocrx_word' id='word_1_218' title='bbox 337 3398 499 3465; x_wconf 69' lang='lat' dir='ltr'>recendente,</span> <span class='ocrx_word' id='word_1_219' title='bbox 523 3399 599 3473; x_wconf 82' lang='lat' dir='ltr'>qriod</span> <span class='ocrx_word' id='word_1_220' title='bbox 619 3400 739 3472; x_wconf 81' lang='lat' dir='ltr'>sipueern</span> <span class='ocrx_word' id='word_1_221' title='bbox 761 3405 935 3470; x_wconf 82' lang='lat' dir='ltr'>eeuceueret,</span> <span class='ocrx_word' id='word_1_222' title='bbox 960 3399 1048 3475; x_wconf 74' lang='lat' dir='ltr'>quiesi</span> <span class='ocrx_word' id='word_1_223' title='bbox 1068 3398 1194 3457; x_wconf 78' lang='lat' dir='ltr'>ceneten.</span> <span class='ocrx_word' id='word_1_224' title='bbox 1209 3397 1336 3457; x_wconf 84' lang='lat' dir='ltr'>domurn</span> 
     </span>
     <span class='ocr_line' id='line_1_29' title="bbox 149 3499 1333 3576; baseline 0.003 -21"><span class='ocrx_word' id='word_1_225' title='bbox 149 3499 330 3573; x_wconf 78' lang='lat' dir='ltr'>inspecturus</span> <span class='ocrx_word' id='word_1_226' title='bbox 360 3500 492 3558; x_wconf 77' lang='lat' dir='ltr'>abscessit</span> <span class='ocrx_word' id='word_1_227' title='bbox 517 3502 719 3576; x_wconf 78' lang='lat' dir='ltr'>proripuitque</span> <span class='ocrx_word' id='word_1_228' title='bbox 746 3521 776 3560; x_wconf 84' lang='lat' dir='ltr'>se</span> <span class='ocrx_word' id='word_1_229' title='bbox 800 3502 911 3576; x_wconf 85' lang='lat' dir='ltr'>postico</span> <span class='ocrx_word' id='word_1_230' title='bbox 930 3508 1011 3576; x_wconf 88' lang='lat' dir='ltr'>purte</span> <span class='ocrx_word' id='word_1_231' title='bbox 1037 3501 1144 3560; x_wconf 89' lang='lat' dir='ltr'>Pulutii</span> <span class='ocrx_word' id='word_1_232' title='bbox 1164 3500 1202 3558; x_wconf 85' lang='lat' dir='ltr'>ad</span> <span class='ocrx_word' id='word_1_233' title='bbox 1222 3502 1333 3558; x_wconf 80' lang='lat' dir='ltr'>eonsti-</span> 
     </span>
     <span class='ocr_line' id='line_1_30' title="bbox 153 3601 920 3680; baseline 0.008 -24"><span class='ocrx_word' id='word_1_234' title='bbox 153 3606 256 3658; x_wconf 84' lang='lat' dir='ltr'>luturn.</span> <span class='ocrx_word' id='word_1_235' title='bbox 302 3601 366 3658; x_wconf 80' lang='lat' dir='ltr'>Alii</span> <span class='ocrx_word' id='word_1_236' title='bbox 386 3602 491 3676; x_wconf 83' lang='lat' dir='ltr'>febrem</span> <span class='ocrx_word' id='word_1_237' title='bbox 515 3603 670 3661; x_wconf 83' lang='lat' dir='ltr'>siiuulesse</span> <span class='ocrx_word' id='word_1_238' title='bbox 691 3605 776 3662; x_wconf 72' lang='lat' dir='ltr'>uiuent</span> <span class='ocrx_word' id='word_1_239' title='bbox 798 3623 822 3661; x_wconf 87' lang='lat' dir='ltr'>c.</span> <span class='ocrx_word' id='word_1_240' title='bbox 846 3624 873 3680; x_wconf 86' lang='lat' dir='ltr'>q.</span> <span class='ocrx_word' id='word_1_241' title='bbox 897 3623 920 3662; x_wconf 80' lang='lat' dir='ltr'>s</span> 
     </span>
    </p>
   </div>
   <div class='ocr_carea' id='block_1_5' title="bbox 150 3714 1336 4103">
    <p class='ocr_par' dir='ltr' id='par_1_7' title="bbox 150 3714 1336 4103">
     <span class='ocr_line' id='line_1_31' title="bbox 252 3714 1336 3804; baseline 0 -22"><span class='ocrx_word' id='word_1_242' title='bbox 252 3720 275 3792; x_wconf 83' lang='lat'>²)</span> <span class='ocrx_word' id='word_1_243' title='bbox 299 3714 461 3800; x_wconf 71' lang='lat' dir='ltr'>Aiupyster</span> <span class='ocrx_word' id='word_1_244' title='bbox 484 3723 645 3797; x_wconf 82' lang='lat' dir='ltr'>respondet</span> <span class='ocrx_word' id='word_1_245' title='bbox 668 3723 827 3793; x_wconf 78' lang='lat' dir='ltr'>tessuorio,</span> <span class='ocrx_word' id='word_1_246' title='bbox 850 3718 969 3804; x_wconf 74' lang='grc' dir='ltr'><strong><em>διοατὴρ</em></strong></span> <span class='ocrx_word' id='word_1_247' title='bbox 988 3724 1157 3782; x_wconf 85' lang='lat' dir='ltr'>coniectum</span> <span class='ocrx_word' id='word_1_248' title='bbox 1173 3725 1271 3781; x_wconf 84' lang='lat' dir='ltr'>factus</span> <span class='ocrx_word' id='word_1_249' title='bbox 1286 3732 1336 3782; x_wconf 87' lang='lat' dir='ltr'>est</span> 
     </span>
     <span class='ocr_line' id='line_1_32' title="bbox 150 3821 1333 3901; baseline 0.003 -20"><span class='ocrx_word' id='word_1_250' title='bbox 150 3840 189 3881; x_wconf 83' lang='lat' dir='ltr'>ex</span> <span class='ocrx_word' id='word_1_251' title='bbox 212 3821 333 3896; x_wconf 87' lang='lat' dir='ltr'>optione.</span> <span class='ocrx_word' id='word_1_252' title='bbox 374 3822 423 3881; x_wconf 87' lang='lat' dir='ltr'>Sic</span> <span class='ocrx_word' id='word_1_253' title='bbox 445 3832 523 3881; x_wconf 87' lang='lat' dir='ltr'>recte</span> <span class='ocrx_word' id='word_1_254' title='bbox 546 3824 700 3898; x_wconf 84' lang='lat' dir='ltr'>Sichinger</span> <span class='ocrx_word' id='word_1_255' title='bbox 721 3843 749 3901; x_wconf 92' lang='lat' dir='ltr'>p.</span> <span class='ocrx_word' id='word_1_256' title='bbox 773 3828 812 3883; x_wconf 74' lang='lat'>85</span> <span class='ocrx_word' id='word_1_257' title='bbox 837 3843 881 3900; x_wconf 91' lang='lat' dir='ltr'>sq.</span> <span class='ocrx_word' id='word_1_258' title='bbox 905 3833 1009 3884; x_wconf 83' lang='lat' dir='ltr'>contra</span> <span class='ocrx_word' id='word_1_259' title='bbox 1024 3825 1196 3883; x_wconf 89' lang='lat' dir='ltr'>Nissenium</span> <span class='ocrx_word' id='word_1_260' title='bbox 1213 3844 1242 3899; x_wconf 93' lang='lat' dir='ltr'>p.</span> <span class='ocrx_word' id='word_1_261' title='bbox 1260 3827 1333 3885; x_wconf 77' lang='lat'>504.</span> 
     </span>
     <span class='ocr_line' id='line_1_33' title="bbox 151 3923 1333 4003; baseline 0.005 -23"><span class='ocrx_word' id='word_1_262' title='bbox 151 3960 190 3967; x_wconf 87' lang='lat'><em>-</em></span> <span class='ocrx_word' id='word_1_263' title='bbox 215 3923 350 3982; x_wconf 83' lang='lat' dir='ltr'>Notabile</span> <span class='ocrx_word' id='word_1_264' title='bbox 373 3931 420 3982; x_wconf 81' lang='lat' dir='ltr'>cst</span> <span class='ocrx_word' id='word_1_265' title='bbox 443 3931 587 3999; x_wconf 86' lang='lat' dir='ltr'>qnantum</span> <span class='ocrx_word' id='word_1_266' title='bbox 610 3945 627 3983; x_wconf 86' lang='lat' dir='ltr'>a</span> <span class='ocrx_word' id='word_1_267' title='bbox 650 3926 809 3985; x_wconf 85' lang='lat' dir='ltr'>Plutarcho</span> <span class='ocrx_word' id='word_1_268' title='bbox 833 3927 993 4003; x_wconf 84' lang='lat' dir='ltr'>Tacitoquc</span> <span class='ocrx_word' id='word_1_269' title='bbox 1016 3928 1129 3985; x_wconf 85' lang='lat' dir='ltr'>differat</span> <span class='ocrx_word' id='word_1_270' title='bbox 1151 3927 1232 3986; x_wconf 84' lang='lat' dir='ltr'>Suet.</span> <span class='ocrx_word' id='word_1_271' title='bbox 1251 3927 1286 3986; x_wconf 88' lang='grc' dir='ltr'>Ο.</span> <span class='ocrx_word' id='word_1_272' title='bbox 1305 3933 1333 3999; x_wconf 83' lang='grc'>5,</span> 
     </span>
     <span class='ocr_line' id='line_1_34' title="bbox 150 4026 780 4103; baseline 0 -17"><span class='ocrx_word' id='word_1_273' title='bbox 150 4045 240 4103; x_wconf 86' lang='lat' dir='ltr'>quem</span> <span class='ocrx_word' id='word_1_274' title='bbox 264 4026 361 4084; x_wconf 88' lang='lat' dir='ltr'>locum</span> <span class='ocrx_word' id='word_1_275' title='bbox 386 4027 555 4084; x_wconf 85' lang='lat' dir='ltr'>exscribere</span> <span class='ocrx_word' id='word_1_276' title='bbox 579 4027 701 4102; x_wconf 86' lang='lat' dir='ltr'>longum</span> <span class='ocrx_word' id='word_1_277' title='bbox 725 4037 780 4088; x_wconf 86' lang='lat' dir='ltr'>est.</span> 
     </span>
    </p>
   </div>
   <div class='ocr_carea' id='block_1_6' title="bbox 148 4144 1334 4328">
    <p class='ocr_par' dir='ltr' id='par_1_8' title="bbox 148 4144 1334 4328">
     <span class='ocr_line' id='line_1_35' title="bbox 251 4144 1334 4225; baseline 0.006 -24"><span class='ocrx_word' id='word_1_278' title='bbox 251 4144 275 4219; x_wconf 83' lang='lat'>³)</span> <span class='ocrx_word' id='word_1_279' title='bbox 307 4144 382 4217; x_wconf 75' lang='lat' dir='ltr'>Quia</span> <span class='ocrx_word' id='word_1_280' title='bbox 413 4145 483 4203; x_wconf 86' lang='lat' dir='ltr'>haec</span> <span class='ocrx_word' id='word_1_281' title='bbox 515 4155 544 4203; x_wconf 87' lang='lat' dir='ltr'>et</span> <span class='ocrx_word' id='word_1_282' title='bbox 579 4148 644 4223; x_wconf 90' lang='lat' dir='ltr'>ipsa</span> <span class='ocrx_word' id='word_1_283' title='bbox 679 4148 780 4206; x_wconf 85' lang='lat' dir='ltr'>Tacito</span> <span class='ocrx_word' id='word_1_284' title='bbox 818 4149 973 4220; x_wconf 88' lang='lat' dir='ltr'>debentur,</span> <span class='ocrx_word' id='word_1_285' title='bbox 1009 4149 1123 4225; x_wconf 83' lang='lat' dir='ltr'>probari</span> <span class='ocrx_word' id='word_1_286' title='bbox 1148 4167 1206 4207; x_wconf 88' lang='lat' dir='ltr'>non</span> <span class='ocrx_word' id='word_1_287' title='bbox 1231 4157 1334 4224; x_wconf 85' lang='lat' dir='ltr'>potest</span> 
     </span>
     <span class='ocr_line' id='line_1_36' title="bbox 148 4247 1333 4328; baseline 0.008 -26"><span class='ocrx_word' id='word_1_288' title='bbox 148 4248 228 4324; x_wconf 85' lang='lat' dir='ltr'>quod</span> <span class='ocrx_word' id='word_1_289' title='bbox 261 4247 372 4324; x_wconf 87' lang='lat' dir='ltr'>placuit</span> <span class='ocrx_word' id='word_1_290' title='bbox 405 4247 569 4306; x_wconf 85' lang='lat' dir='ltr'>Woelfflino</span> <span class='ocrx_word' id='word_1_291' title='bbox 601 4249 703 4325; x_wconf 86' lang='lat' dir='ltr'>Comp.</span> <span class='ocrx_word' id='word_1_292' title='bbox 737 4270 764 4326; x_wconf 90' lang='lat' dir='ltr'>p.</span> <span class='ocrx_word' id='word_1_293' title='bbox 798 4253 845 4325; x_wconf 80' lang='lat'>29,</span> <span class='ocrx_word' id='word_1_294' title='bbox 882 4253 1074 4309; x_wconf 87' lang='lat' dir='ltr'>Plutarchum</span> <span class='ocrx_word' id='word_1_295' title='bbox 1105 4253 1141 4309; x_wconf 90' lang='lat' dir='ltr'>iis</span> <span class='ocrx_word' id='word_1_296' title='bbox 1176 4270 1252 4328; x_wconf 60' lang='lat' dir='ltr'>(puae</span> <span class='ocrx_word' id='word_1_297' title='bbox 1286 4270 1333 4311; x_wconf 83' lang='lat' dir='ltr'>se-</span> 
     </span>
    </p>
   </div>
   <div class='ocr_carea' id='block_1_7' title="bbox 0 0 1499 4800">
    <p class='ocr_par' dir='ltr' id='par_1_9' title="bbox 0 0 1499 4800">
     <span class='ocr_line' id='line_1_37' title="bbox 0 0 1499 4800; baseline 0 0"><span class='ocrx_word' id='word_1_298' title='bbox 0 0 1499 4800; x_wconf 95' lang='lat' dir='ltr'> </span> 
     </span>
    </p>
   </div>
  </div>
 </body>
</html>
