2978 4800
189 272 228 329 8⁴2

145 455 257 544 νῃιῦρεσι
289 453 338 521 καὶ
370 450 453 537 παρὰ
485 449 587 534 σκηνὴν
615 457 714 535 fledra-

146 558 237 632 κότες,
258 555 337 642 ὕβρει
359 554 389 620 δὲ
411 551 461 619 καὶ
483 550 584 636 κόμπῳ
604 554 712 632 ἐπαμοι-

147 665 217 746 ἔχειι·
254 655 413 744 ἐβούλοντο,
449 651 712 738 προσποιήσασθαι

146 761 202 836 τὰς
219 760 395 841 λειτουργίας
410 755 451 831 οἷς
466 759 624 842 κρείττονες
639 755 714 820 ‹iaa-

147 868 279 944 ξιοῦντες,
308 862 358 943 οὐχ
381 858 421 934 ὡς
444 857 584 925 ἀδύνατοι
606 859 711 940 φέρειν.

192 971 318 1030 33-37
340 960 371 1029 ‘O
393 963 422 1029 δὲ
445 964 610 1045 Σπουρίνας·
627 984 714 1044 προσ·
807 964 838 1023 ΙΙ
862 968 900 1025 18
938 965 1053 1023 Certum
1075 970 1136 1022 erat
1160 963 1327 1040 Spurinnae

147 1066 317 1154 βιαζόμενος
348 1062 451 1139 αὐτοὺς
474 1061 649 1130 ἐκινδύνευσε
672 1092 713 1145 μι-
767 1072 982 1128 ...cotie-ure
1025 1067 1104 1125 intra
1147 1067 1329 1125 munimenta

148 1171 217 1254 κρὸν
267 1166 411 1242 ἐλθόντας
462 1168 569 1234 ἀνελεῖν
613 1165 713 1234 αὐτόν.
765 1169 889 1228 utilium
912 1214 918 1227 .
944 1215 950 1227 .
976 1215 982 1227 .
1004 1169 1054 1228 sed
1084 1168 1249 1227 indomitus
1275 1168 1328 1226 mi·

144 1271 271 1358 “'l”ttoeae
300 1271 330 1337 δὲ
356 1270 404 1335 καὶ
426 1273 613 1356 βλασφημίας
636 1270 714 1335 οὐδε·
766 1272 805 1331 us
826 1278 851 1330 et
873 1271 937 1330 betti
965 1272 1088 1347 ianarus
1121 1271 1261 1346 correptis
1291 1270 1329 1328 ei-

149 1379 218 1459 μιᾶς
249 1376 408 1457 ἐφείσαντο,
430 1371 573 1456 προδότην
595 1372 643 1438 καὶ
666 1379 715 1437 λο-
764 1375 833 1450 anis
857 1374 1022 1449 ancillisque
1043 1392 1127 1432 ruere
1148 1378 1176 1431 et
1197 1372 1331 1431 retinenti

149 1481 247 1560 μεῶνα
277 1478 336 1540 τῶν
357 1480 511 1556 Καίσαρος
534 1477 643 1559 καιρῶν
666 1472 715 1541 καὶ
766 1477 833 1535 duci
866 1476 919 1535 tela
949 1476 1097 1547 intentare,
1132 1476 1241 1550 spretis
1272 1493 1331 1533 een-

149 1576 332 1663 τιραγμάτων
354 1580 491 1659 λέγοντες.
768 1579 931 1638 turionibus
946 1577 1144 1652 tribunisque:
1160 1576 1238 1652 quin
1248 1576 1334 1652 prodi

773 1681 913 1740 Othonem
949 1685 973 1738 et
1012 1678 1134 1738 accitum
1180 1678 1328 1738 Caecinam

766 1783 959 1843 alanntabant.

196 1923 320 1981 37-39
337 1916 427 1984 Ἔνιοι
448 1918 478 1984 δὲ
493 1918 540 1984 καὶ
555 1922 715 2001 μεθυσθέν-

151 2049 198 2094 τες
220 2018 270 2104 ἤδη
292 2017 394 2094 νυκτὸς
415 2014 506 2104 ἦλθον
528 2020 571 2086 tal
586 2019 636 2104 τὴν
652 2047 715 2104 σκρ-

151 2123 201 2207 alr
234 2120 350 2205 ἐφόδιον
381 2124 541 2195 αἰτοῦντες·
568 2120 715 2207 εἶναιγὰρ

153 2224 252 2296 αὐτοῖς
283 2224 354 2308 πρὸς
382 2228 526 2307 Καίσαρα
559 2229 716 2308 βαδιστέον,

154 2323 232 2398 ὅπως
250 2329 355 2391 ἐκείνου
378 2324 622 2410 κατηγορήσωσιν.

260 2574 371 2640 1-2.
441 2574 543 2640 Haec
587 2574 776 2640 Plutarchi
820 2572 938 2639 verba
984 2571 1109 2638 Tacito
1157 2571 1331 2639 addicere

155 2692 256 2759 nulla
285 2713 325 2760 re
353 2698 535 2759 vetamur.

259 2813 301 2877 V.
344 2813 448 2879 3-6
489 2812 536 2879 de
583 2813 709 2878 Tacito
755 2816 923 2897 sumptos
969 2829 1050 2877 esse
1090 2816 1253 2895 propter
1296 2811 1336 2878 si-

156 2932 400 2998 militudinem
434 2931 665 2998 crediderim.
721 2931 816 2998 Nam
856 2930 1093 3007 PlutarchuS,
1129 2948 1213 2995 oum
1252 2935 1337 2998 ante

156 3051 374 3117 Dolabellae
422 3052 644 3118 mentionem
698 3050 837 3130 iecerit,
892 3051 952 3116 hio
1009 3049 1168 3135 primum
1225 3043 1338 3120 euna·

159 3169 285 3265 τρίδης
326 3170 437 3249 addit,
478 3171 536 3237 cui
576 3171 779 3256 respondet
820 3170 935 3237 Taciti
976 3173 1117 3237 uetusto
1162 3171 1337 3249 uomina

158 3296 193 3356 et
234 3283 532 3387 παραθαρρύνας
571 3296 627 3358 est
659 3311 779 3377 neque
806 3294 894 3358 arta
922 3289 1097 3357 custodia
1125 3308 1251 3375 neque
1281 3289 1339 3358 ab·

157 3429 279 3476 scura.
331 3400 519 3505 Ὑοοψίαν
538 3451 586 3458 -
607 3420 757 3508 φρονεῖν
784 3411 948 3496 quodam
976 3410 1087 3476 modo
1110 3428 1195 3475 cum
1215 3429 1340 3478 mone·

158 3533 279 3596 tratus
306 3531 511 3615 conspirat;
541 3530 610 3598 εἴτε·
635 3522 752 3600 αὐτὸν
776 3570 825 3577 --
850 3521 1029 3614 δεδοικώς,
1057 3529 1158 3614 quod
1189 3533 1341 3616 egomet

158 3668 231 3715 non
273 3650 393 3735 magis
435 3669 547 3734 quam
589 3651 722 3717 Lenius
756 3670 791 3735 p.
826 3649 874 3717 95
913 3649 1099 3735 intellege,
1131 3649 1263 3716 nescio
1293 3668 1340 3716 an

158 3768 274 3834 libere
301 3768 428 3835 lictum
457 3771 503 3836 sit
533 3770 556 3855 ).

262 4074 285 4148 ¹)
308 4075 394 4133 Fabia
416 4093 444 4151 p.
469 4076 508 4133 47
532 4074 598 4131 adn.
621 4076 639 4133 3
663 4069 809 4136 ἅλλοιτο
833 4073 1034 4149 praetorianos
1052 4074 1152 4146 refert,
1167 4072 1198 4130 id
1214 4074 1342 4149 quidem

159 4178 400 4253 improbabiliter3
436 4177 489 4235 sed
522 4176 583 4234 fieri
618 4176 753 4252 potuisse
775 4176 942 4242 confitetur,
968 4182 1001 4233 ut
1023 4194 1040 4233 a
1062 4175 1223 4234 Plutarcho
1249 4176 1343 4236 adde·

160 4287 250 4339 retur.
274 4315 311 4322 -
336 4279 415 4338 Num
438 4279 682 4338 cohaereticum
705 4278 797 4336 otium
822 4276 887 4336 Tac.
909 4278 924 4335 Ι
946 4279 983 4336 13
1009 4296 1036 4337 v,
1061 4278 1099 4336 8?
