2978 4800
211 631 335 688 19—23
368 627 395 690 οἱ
415 622 603 708 θρασύτατοι
624 623 732 699 πάντες

163 727 258 814 ε’βόοον
290 726 371 793 οὐδὲν
403 724 477 811 ὑγιὲς
503 727 553 793 τὸν
574 735 732 809 Κρισπῖνον

162 828 241 914 ἥκειν
262 827 474 911 διανοούμενον,
499 827 575 896 άλλά
595 829 647 914 τὴν
665 828 732 914 ody-

162 939 267 1015 κλητον
289 935 434 1016 ἐπιχειρεῖν
459 929 613 1016 πράγμασι
634 936 731 998 νεωτέ·

164 1062 225 1117 ροις
247 1033 296 1099 καλ
317 1029 358 1100 τά
378 1031 454 1099 ὅπλα
472 1031 551 1099 κατά
566 1037 730 1117 Καίσαρος,

161 1164 197 1200 oo
219 1139 351 1218 Καίσαρι
368 1139 631 1216 παρακομίζεσθαι.
670 1138 730 1202 Τοῦ

163 1236 193 1301 δὲ
226 1234 314 1320 λόγου
344 1238 459 1303 πολλῶν
492 1234 653 1319 ἁπτομένου
681 1235 729 1303 καὶ

159 1336 375 1420 παροξύνοντος
386 1339 408 1417 ¹)

205 2062 329 2120 23-30
364 2059 390 2122 oi
420 2058 471 2138 pir
493 2054 726 2141 ἐπελαμβάνοντο

158 2161 219 2224 τῶν
252 2155 384 2241 ἁμαξῶν,
416 2161 444 2224 οἱ
465 2159 494 2224 δὲ
517 2158 585 2232 τους
617 2163 726 2225 ἐνιστα-

158 2264 261 2343 μένους
289 2258 507 2344 ἑκατοντάρχας
529 2258 582 2326 δύο
605 2259 726 2327 καὶτὸν

158 2370 318 2444 Κρισπῖνον
341 2360 430 2427 αὐτὸν
452 2361 630 2438 ἀπέκτειναν,
654 2361 725 2428 πάν-

157 2489 206 2534 τες
229 2463 258 2528 δὲ
281 2461 543 2547 διασκευασάμενοι
566 2463 615 2529 καὶ
629 2493 724 2549 παρα·

156 2556 333 2637 καλέσαντες
355 2561 498 2648 ἀλλήλους
515 2569 646 2648 Καίσαρι
661 2573 723 2651 βοη-

157 2677 222 2730 θεῖν
244 2663 366 2749 ἤλαυνον
389 2669 428 2740 εἰς
449 2667 500 2751 τὴν
520 2667 640 2752 Ῥώμην·
674 2669 723 2734 καὶ

154 2764 319 2850 πυθόμενοι
368 2767 434 2851 παρ’
480 2769 561 2852 αὐτῷ
605 2781 723 2838 δειπνεῖν

154 2866 333 2952 ὀγδοήκοντα
361 2868 560 2954 συγκλητικοὺς
587 2875 722 2956 ἐφέροντο

153 2968 228 3053 πρὸς
249 2967 288 3036 τά
308 2973 449 3055 βασίλεια,
471 2974 521 3038 νῦν
537 2971 635 3056 καιρὸν
649 2979 721 3040 εἶναι

153 3073 283 3155 λέγοντες
305 3075 334 3137 ἐν
355 3072 455 3154 ταύτῷ
476 3073 592 3148 πάντας
614 3075 722 3143 ἀνελεῖν

152 3172 223 3245 τοὺς
245 3177 400 3258 Καίσαρος
421 3180 573 3258 πολεμίους
581 3179 613 3257 ²).

197 3281 321 3338 30-31
356 3275 397 3340 ‘H
425 3277 476 3359 pir
502 3271 552 3345 οὖν
574 3278 658 3355 πόλις
682 3282 721 3357 ὠς

152 3375 259 3442 αὐτίκα
304 3372 549 3465 διαρπαγησομένη
589 3383 720 3472 θόρυβον

151 3481 208 3562 εἶχε
230 3478 331 3558 πολύν,

196 3587 322 3646 31-35
357 3587 385 3649 ἐν
418 3585 447 3650 δὲ
481 3597 542 3660 τοῖς
564 3590 719 3671 βασιλείοις

150 3675 225 3765 ἦσαν
248 3685 401 3768 διαδρομαὶ

778 425 875 499 pionte
899 432 976 484 nooto
998 426 1115 484 onerari
1135 432 1233 502 operto
1251 444 1346 484 ornia-

783 528 924 585 mentorio
946 528 1032 586 tutet.

831 630 954 705 Tempus
976 630 1007 687 in
1031 631 1238 706 suspicionem,
1262 648 1347 689 euuso

784 733 816 790 in
849 734 967 804 crimen,
1002 733 1152 808 adfectatio
1186 733 1292 809 quietis
1317 734 1347 790 iu.

784 836 942 893 tunudtunt
975 836 1088 906 euoluit,
1123 842 1148 894 et
1179 837 1242 894 riso
1276 836 1347 894 inter

783 936 950 995 temulentos
982 957 1067 995 omno
1103 939 1270 1012 cupidinem
1301 939 1348 996 sui

782 1059 899 1098 morere.
943 1041 1053 1099 Fremit
1075 1041 1159 1099 miles
1175 1047 1201 1099 et
1216 1042 1346 1100 tribunos

782 1144 1014 1218 centurionesque
1038 1143 1217 1218 proditionis
1240 1144 1344 1218 orpuit,

782 1251 931 1320 tamquam
965 1246 1097 1318 fomilioe
1118 1251 1288 1305 senatorum
1312 1247 1347 1304 od

777 1348 934 1422 perniciem
985 1347 1106 1406 Othonis
1149 1354 1344 1419 armarentur,

775 1468 849 1524 pors
881 1449 980 1524 ipreori
1011 1455 1036 1507 et
1062 1449 1129 1506 uino
1149 1468 1262 1524 prauos,
1281 1469 1344 1526 pes·

780 1553 876 1610 simus
891 1552 1010 1628 quisque
1025 1553 1057 1610 in
1073 1552 1251 1610 oooosionem
1263 1572 1344 1628 proe-

779 1653 893 1730 dormn,
915 1653 1025 1728 euripus,
1047 1658 1080 1711 ut
1102 1672 1166 1711 mos
1181 1661 1232 1727 est,
1250 1655 1343 1713 errius-

779 1775 899 1830 oumquo
927 1761 1024 1813 motus
1046 1756 1114 1814 nori
1135 1757 1277 1832 cupidum
1287 1778 1300 1830 ,·
1321 1764 1344 1816 et

779 1859 912 1932 obsequio
956 1857 1109 1916 mediorum
1152 1878 1212 1917 nort
1247 1861 1342 1919 obstu-

779 1961 855 2018 terot.

821 2064 1010 2123 Resistentem
1032 2064 1168 2123 seditioni
1191 2065 1341 2125 tribunum

777 2172 802 2224 et
835 2167 1031 2224 severissimos
1061 2167 1267 2226 eeutmiouurn
1300 2169 1342 2227 ob·

778 2273 913 2325 truncant
921 2289 933 2339 ,·
955 2273 1039 2343 rupto
1054 2287 1148 2345 ormo,
1164 2272 1273 2329 nudati
1284 2271 1340 2347 plo·

777 2370 836 2442 dii;
872 2371 1029 2429 insidentes
1065 2372 1145 2447 equis
1176 2374 1280 2433 ανδοκι
1313 2393 1342 2432 oo

776 2472 923 2530 Potitium
934 2479 1046 2548 petunt.
1069 2474 1131 2533 181
1146 2475 1221 2533 Εναλ
1239 2476 1342 2536 Othoni

775 2574 873 2632 celebre
905 2575 1067 2633 oouoioimu
1093 2577 1282 2650 primoribus
1303 2580 1342 2653 fe·

775 2676 867 2733 ruinis
889 2677 1022 2751 uirisque.

816 3290 874 3348 ou.
908 3291 923 3349 Ι
955 3294 993 3352 82
1035 3293 1153 3352 Postero
1184 3297 1231 3355 die
1264 3298 1341 3357 uelut

771 3399 853 3468 coptu
876 3394 944 3452 ανδο
965 3395 1077 3454 olousue
1099 3397 1205 3456 domus
1228 3419 1254 3460 e.
1270 3420 1300 3478 q.
1316 3420 1340 3462 ε.

814 3599 827 3657 l
851 3602 888 3658 81
914 3601 965 3678 qui
983 3600 1086 3675 trepidi
1107 3619 1133 3660 e.
1156 3620 1184 3680 q.
1209 3621 1234 3662 ε.

255 3927 280 4005 ¹)
305 3932 345 4004 (S.
369 3931 388 3990 l.
412 3932 441 4006 l.)
464 3934 589 3992 insidias
615 3938 734 4012 quidum
763 3940 904 4015 suspiooti
930 3942 1088 4000 tumultum
1117 3943 1338 4020 euoitooerunt;

253 4046 276 4124 ²)
300 4050 339 4113 (S.
363 4052 380 4109 l.
404 4052 432 4121 λ.)
456 4072 489 4111 oo
510 4061 628 4129 repento
646 4076 746 4116 omnes
767 4059 847 4117 nullo
870 4066 941 4118 oerto
963 4060 1032 4119 duoe
1054 4062 1087 4119 in
1110 4062 1263 4123 Palatium
1286 4086 1337 4125 ou-

148 4159 302 4210 eurrerunt
335 4154 443 4211 eaedem
468 4162 585 4214 senatus
602 4158 774 4231 stopitorites
797 4161 974 4236 repulsisque
998 4163 1181 4222 tribunorum
1206 4167 1259 4242 qui
1288 4169 1337 4227 in-

147 4254 241 4312 tribere
266 4257 447 4331 terrzptobont,
471 4277 531 4316 non
549 4260 639 4316 nuliis
661 4267 686 4318 et
708 4263 815 4335 oooisis
