2978 4800
204 254 264 311 150

158 444 266 520 citus,
297 451 544 527 posteaquam
571 444 620 510 de
646 443 808 510 tumultu
835 444 1009 511 kalendis
1033 445 1227 512 Ianuariis
1248 452 1357 512 moto

161 562 305 628 litteras
332 562 501 628 redditas
528 563 700 629 narravit
716 563 798 648 (cir.
819 563 942 645 infra),
959 584 1043 630 cum
1061 565 1152 632 dicit
1175 565 1355 634 Galbam

160 684 237 748 iam
275 683 429 768 pridem
471 683 519 748 de
558 683 765 768 adoptione
804 703 928 749 secam
964 687 999 749 et
1030 703 1116 749 cum
1150 686 1355 770 proximis

158 804 338 888 apitasee,
367 802 568 868 Plutarcho
600 803 795 869 consentit.
850 803 966 869 Primi
993 805 1354 889 quoque'adoptio-

159 923 217 987 nis
245 922 388 988 consilii
416 941 568 988 causam
596 922 713 988 fuisse
741 922 862 989 malos
889 923 938 988 de
956 921 1161 990 Germania
1180 926 1354 1003 nuntios

156 1061 232 1126 qua
269 1047 326 1108 est
361 1041 556 1119 brevitate,
588 1042 734 1108 omittit.
789 1041 1031 1108 Plutarchum
1058 1063 1135 1108 non
1165 1044 1349 1123 delirare,

157 1161 222 1227 sed
265 1163 451 1227 communi
492 1166 643 1227 auctore
680 1162 787 1226 inniti
823 1161 937 1228 iidem
966 1162 1108 1229 iaciunt
1135 1183 1223 1230 cum
1257 1163 1351 1231 Sue-

156 1282 281 1348 tonius
318 1280 360 1347 G.
400 1282 445 1346 17
475 1281 667 1366 despectui
693 1301 771 1346 esse
798 1301 875 1348 aaa
902 1285 982 1348 tam
1009 1287 1200 1350 senectam
1231 1304 1349 1351 suam

155 1421 274 1487 qaam
316 1401 514 1466 orbitatem
558 1405 665 1466 ratus
703 1405 780 1466 tum
821 1401 972 1468 Tacitus
1013 1402 1094 1486 ipse
1130 1402 1169 1467 ΙΙ
1211 1407 1230 1469 1
1274 1405 1348 1489 (Τί-

155 1520 248 1604 tum)
277 1521 413 1606 aalma
443 1572 450 1584 .
482 1572 489 1584 .
521 1573 528 1584 .
558 1520 790 1605 disperserat
816 1521 981 1587 accitam
1009 1523 1052 1587 ia
1079 1522 1346 1608 adoptionem.

155 1641 320 1706 Materia
339 1639 578 1705 sermonibus
604 1641 784 1705 senium
814 1645 853 1706 et
880 1640 1063 1707 orbitae
1083 1642 1344 1728 principis,

154 1779 253 1844 quae
293 1759 444 1844 quidem
487 1758 605 1825 verba
643 1759 775 1825 eodem
811 1760 1010 1827 redeuntia
1048 1761 1172 1828 adhuc
1200 1762 1344 1829 terelle

155 1886 242 1945 runt
257 1873 293 1962 ¹).
348 1880 497 1944 Virrium
522 1899 596 1964 pro
624 1880 674 1944 M.
708 1878 853 1945 Othone
878 1879 996 1946 fuisse
1015 1882 1232 1947 summatim
1253 1883 1346 1949 dicit

154 2000 171 2064 Ι
203 2000 262 2077 13,
293 2019 380 2076 nou,
418 2001 513 2065 sicut
547 1999 781 2077 Plutarchus
818 2000 932 2065 semel
961 2007 1127 2066 extremo
1157 2020 1264 2068 anno
1292 2003 1344 2070 68

153 2138 235 2184 eum
264 2118 385 2185 Galba
414 2138 458 2184 ea
487 2119 533 2183 de
561 2137 601 2183 re
629 2118 861 2184 collocutum.

255 2357 295 2422 P.
329 2357 369 2424 G.
397 2358 455 2434 21,
484 2367 596 2417 13-14.

192 2521 361 2598 Ἀποόεΐξας
383 2523 408 2585 δ’
425 2519 515 2586 αὑτὸν
536 2519 647 2585 ὕπατον
668 2519 717 2584 καὶ

218 2621 224 2639 9
392 2619 398 2641 1
486 2621 511 2644 ,Ι
599 2625 606 2644 2
632 2624 640 2643 Ι

152 2650 335 2707 σιψαρχοντα
367 2650 417 2687 τω
452 2630 566 2688 Orbem
591 2627 719 2700 επιόοξος

152 2718 185 2809 ἦν
215 2727 295 2798 ἔτους
323 2724 397 2808 ἀρχῇ
428 2721 479 2789 τὸν
509 2722 643 2808 διάδοχον
669 2723 717 2790 ἄν·

152 2825 325 2910 erepcione

258 3040 372 3105 Addit
409 3039 632 3105 Plutarchus
660 3040 876 3106 consulibus
907 3033 1154 3127 designatisl)
1182 3061 1348 3129 exspec-

153 3165 270 3225 tatum
301 3178 395 3237 esse,
424 3160 511 3226 dum
540 3161 723 3244 principio
752 3161 840 3226 anni
866 3161 1019 3245 adoptio
1037 3170 1345 3246 nuncuparetur.

152 3279 233 3344 Hoc
272 3298 341 3362 per
381 3286 590 3364 temporum
631 3279 813 3346 rationem
851 3286 958 3346 extra
994 3280 1178 3348 cancellos
1208 3287 1346 3368 operis

152 3399 289 3464 Tacitei
330 3399 486 3465 excedit.
543 3398 678 3465 Verum
723 3405 847 3465 tamen
889 3400 1097 3484 adoptandi
1135 3403 1345 3472 consilium

152 3525 311 3584 exeunte
349 3538 448 3585 anno
477 3518 527 3585 68
555 3519 593 3583 in
621 3538 688 3585 ora
716 3519 909 3584 hominum
940 3519 1064 3585 abisse
1091 3521 1344 3593 manifestum

150 3644 206 3704 est
234 3658 280 3704 ex
308 3638 403 3704 Hist.
426 3639 443 3703 Ι
467 3639 513 3703 12
534 3658 610 3704 aaa
637 3658 730 3705 sarie
749 3638 917 3704 crebrior
938 3641 1017 3705 tota
1037 3639 1192 3706 ciuitate
1210 3661 1345 3713 sermo

145 3777 216 3842 per
242 3758 331 3823 ilios
360 3778 503 3823 menses
533 3757 657 3824 fuerat
685 3778 716 3824 e.
747 3778 781 3843 q.
813 3778 861 3836 s.;
891 3759 955 3824 cir.
986 3759 1023 3825 ΙΙ
1054 3761 1086 3824 1.

148 3942 352 3949 —.——-

252 4043 275 4120 ¹)
299 4046 432 4104 Suetonii
456 4044 565 4114 locum,
588 4063 646 4120 quo
670 4045 803 4118 neglecto
827 4045 935 4104 Lenius
958 4064 988 4121 p.
1012 4048 1050 4105 18
1068 4045 1271 4107 Plutarchum
1292 4071 1344 4111 ω-

148 4147 320 4218 lunantur,
342 4148 619 4205 animadverterunt
641 4147 730 4204 Peter
753 4165 780 4222 p.
805 4149 854 4223 31,
870 4147 986 4206 Krauss
1001 4167 1030 4223 p.
1048 4149 1097 4218 23,
1113 4147 1204 4207 Fabia
1220 4170 1252 4227 p.
1269 4157 1346 4217 136.

250 4267 273 4338 2)
296 4268 354 4325 Cir.
378 4287 405 4342 p.
432 4267 490 4325 149
513 4267 580 4323 adn.
605 4268 622 4323 2
646 4273 677 4324 et
700 4285 727 4339 p.
751 4268 790 4325 20
813 4267 880 4325 adn.
905 4268 932 4325 2.
