2978 4800
1193 286 1273 331 XVII

131 460 360 526 Plutarcho?
390 451 414 545 1)
470 461 651 527 Nimirum
701 460 924 528 Plutarchus
967 462 1153 547 quaedam
1201 463 1314 530 fontis

131 580 337 646 communis
365 580 576 647 immutavit
603 600 725 665 neque
754 582 865 665 plane
894 581 1048 648 totidem
1076 582 1204 649 verbis
1230 603 1312 649 eum

132 699 319 784 expressit
336 692 375 783 2).
432 700 489 766 Ita
525 699 646 778 litut,
676 700 706 765 si
734 700 818 766 lons
847 701 1052 767 communis
1085 701 1166 786 ipse
1195 707 1315 769 exsta-

131 824 197 897 ret,
226 805 375 884 Tacitus
402 838 559 903 prorsus
586 823 776 904 tamquam
807 820 899 886 alter
936 821 1034 887 idem
1072 828 1314 906 compareret,

132 957 208 1022 quo
236 937 329 1003 nihil
356 941 484 1023 posset
511 939 594 1019 fieri
623 939 790 1004 similius

236 1058 394 1124 Tantam
439 1058 554 1144 igitur
600 1057 887 1136 similitudinem,
929 1065 1072 1143 quanta
1112 1060 1314 1128 Plutarcho

133 1183 190 1243 est
229 1197 311 1243 cum
359 1178 497 1255 Tacite,
542 1178 601 1244 vel
643 1179 832 1245 rarissime
874 1179 912 1244 in
955 1180 1147 1246 veteribus
1189 1200 1314 1246 rerum

133 1297 379 1381 scriptoribus
405 1299 563 1382 reperiri
590 1298 796 1364 notandum
826 1302 893 1364 est.
936 1299 1046 1365 Velut
1073 1299 1111 1365 in
1139 1299 1244 1366 libris
1266 1301 1313 1366 ah

133 1435 290 1483 excessu
327 1417 404 1483 divi
442 1417 603 1502 Augusti
637 1418 786 1484 TacItus
815 1419 930 1484 multo
957 1419 1107 1505 longius
1136 1420 1251 1486 distat
1279 1425 1315 1486 et

134 1557 155 1601 a
191 1536 371 1603 Suetonio
408 1540 444 1603 et
481 1557 501 1602 a
539 1536 669 1604 Cassio
706 1537 826 1603 Dione
864 1558 976 1622 quam
1013 1540 1051 1604 in
1085 1539 1260 1606 Historiis
1294 1560 1315 1607 a

131 1656 348 1736 Plutarcho;
379 1656 494 1740 quod,
522 1658 656 1722 mirum
683 1657 795 1736 dictu,
826 1658 1027 1743 plerosque
1055 1659 1162 1745 fugit,
1184 1660 1249 1743 qui
1276 1660 1315 1725 in

134 1777 193 1841 his
213 1776 497 1859 quaestionibus
517 1778 658 1843 versati
678 1781 775 1843 sunt.
811 1767 1038 1844 'Suetonium
1061 1798 1151 1845 vero
1171 1780 1218 1846 de
1238 1781 1315 1846 vita

135 1895 336 1961 Caesarum
367 1901 624 1980 exponentem,
652 1897 878 1982 ubicumque
907 1899 1058 1965 easdem
1084 1919 1143 1965 res
1166 1901 1315 1986 attingit

134 2034 228 2099 quas
258 2015 407 2081 Tacitus
436 2019 472 2080 et
494 2016 728 2095 Plutarchus
750 2016 801 2083 illi
827 2017 1018 2102 aliquanto
1040 2019 1313 2085 dissimiliorem

134 2154 356 2221 essequam
389 2136 497 2214 hunc,
534 2155 646 2220 quam
683 2137 719 2203 id
755 2139 829 2203 vim
866 2138 1016 2218 habeat,
1047 2140 1131 2224 quis
1160 2160 1233 2206 non
1263 2140 1315 2205 in·

131 2255 297 2340 tellegit?
353 2256 412 2321 Ex
440 2275 515 2340 quo
542 2256 586 2322 iit
613 2263 654 2322 ut
682 2257 841 2341 Tacitus,
870 2259 900 2324 si
929 2259 1021 2325 nihil
1047 2260 1080 2325 ei
1099 2259 1212 2326 debet
1231 2259 1314 2326 Plu·

134 2375 298 2457 tarchus,
328 2376 450 2441 minus
485 2395 554 2442 suo
582 2377 699 2461 ipsius
735 2357 882 2444 dicendi
915 2398 1054 2465 genere
1083 2399 1195 2464 quam
1227 2379 1317 2446 Sue·

237 2745 260 2824 ¹)
284 2748 343 2808 Cir.
377 2749 464 2807 Fabia
498 2767 526 2824 p.
561 2750 636 2807 125:
671 2748 726 2814 »Si
757 2768 795 2806 au
828 2749 885 2807 lieu
913 2750 950 2808 de
973 2750 1000 2807 la
1023 2751 1106 2825 copie
1129 2767 1257 2826 grecque
1280 2750 1316 2808 de

132 2851 304 2927 Plutarque,
327 2869 403 2909 nous
426 2852 532 2909 avions
555 2851 583 2909 le
605 2858 688 2910 texte
711 2852 784 2910 latin
806 2852 842 2910 de
864 2852 892 2909 la
915 2870 1020 2911 source
1043 2871 1209 2926 commune,
1233 2853 1253 2910 il
1269 2858 1316 2911 est

120 2957 187 3012 'silr
219 2971 278 3029 que
307 2954 335 3012 le
364 2955 485 3012 nombre
511 2954 547 3013 de
569 2972 618 3012 ces
641 2955 873 3013 ressemblances
896 2954 1039 3014 litterales
1064 2974 1103 3013 on
1125 2959 1221 3031 apen
1246 2957 1316 3031 pres

130 3056 682 3133 33333313333333ἰ(13331)1333333»;
707 3057 871 3116 Mommsen
897 3077 923 3132 p.
947 3060 1008 3116 315
1033 3076 1077 3134 sq.

235 3174 258 3252 ²)
282 3175 341 3234 Clr.
363 3176 452 3234 Peter
477 3193 505 3251 p.
531 3177 568 3235 10
592 3177 628 3234 (13
651 3195 685 3234 33
708 3177 827 3250 ratione,
850 3164 1025 3253 quae'inter
1050 3178 1139 3235 vitam
1169 3177 1315 3236 Coriolani

132 3285 163 3337 et
185 3279 297 3336 fontem
328 3278 393 3336 eius
416 3278 587 3336 intercedit:
612 3277 660 3335 »ln
684 3278 740 3336 den
766 3278 887 3337 Worten
912 3279 1027 3337 stimmt
1049 3278 1188 3337 Plutarch
1212 3281 1260 3338 nie
1283 3280 1313 3336 in

132 3381 237 3454 irgend
264 3379 458 3462 auffallender
481 3380 581 3438 Weise
608 3381 662 3438 mit
694 3381 810 3454 Dionys
842 3382 986 3439 tiberem».
1023 3415 1049 3421 κ
1073 3381 1252 3440 Gutschmid
1287 3401 1315 3457 p.

135 3484 187 3542 10:
210 3482 276 3541 »lch
303 3483 418 3557 glauhe,
442 3482 510 3540 man
538 3482 603 3539 dari
624 3500 656 3541 es
686 3483 732 3540 313
756 3484 843 3541 31333
872 3483 1029 3558 allgemein
1052 3484 1184 3558 giiltigen
1212 3485 1315 3542 Kanon

132 3584 305 3657 hinstellen,
337 3585 408 3643 (1333
442 3585 489 3642 (113
524 3585 686 3652 13331333,
709 3586 762 3643 der
784 3585 931 3643 Wortlaut
964 3586 1045 3644 einer
1076 3594 1177 3645 ersten
1213 3586 1316 3660 Quelle

132 3687 208 3745 habe
240 3688 304 3746 sich
337 3687 431 3746 durch
464 3687 530 3745 eine
563 3688 634 3745 oder
666 3689 798 3746 mehrere
820 3688 996 3762 abgeleitete
1019 3688 1144 3761 Quelleu
1167 3689 1317 3748 hindurch

132 3790 274 3859 erhaltem
307 3790 411 3848 immer
444 3795 538 3848 etwas
572 3791 640 3848 sehr
672 3789 887 3848 Bedenlrliches
921 3792 981 3856 hat,
1008 3793 1070 3849 und
1097 3793 1168 3851 (1333
1199 3793 1245 3865 (13,
1268 3810 1316 3849 wo

132 3892 233 3951 solche
257 3892 334 3951 rarle
358 3893 515 3967 vorliegen,
539 3893 605 3950 eine
633 3893 765 3967 gesunde
788 3893 885 3951 Kritih
909 3912 967 3951 von
994 3895 1047 3953 der
1069 3896 1225 3953 Annahme
1248 3913 1316 3952 aus-

132 3996 267 4070 zugehen
289 3997 382 4054 haben
408 3996 491 4068 wird,
507 3996 576 4053 (1333
592 3996 645 4053 (133
666 3995 1128 4056 Vcrwandtschaltsverhaltniss
1153 3999 1205 4056 der
1226 3996 1316 4068 Quer-

132 4098 181 4155 133
216 4099 264 4156 ein
299 4116 422 4173 erigeres
455 4099 519 4157 ist».
543 4133 584 4139 -
608 4097 794 4174 Quamquam
822 4099 990 4168 Plutarcho,
1014 4100 1126 4159 Graeco
1150 4099 1314 4175 interpreti,

133 4319 283 4379 moneam3
308 4304 360 4362 cir,
382 4303 555 4380 Nipperdey
579 4305 681 4380 prael.9
707 4324 734 4380 p.
759 4306 798 4363 29
821 4306 889 4364 adn.
915 4308 929 4364 1
955 4313 1031 4365 extr.

1191 4453 1213 4488 11
