2978 4800
193 252 233 310 38

150 462 263 528 quam
304 448 345 508 ut
382 462 403 509 a
439 443 640 509 Plutarcho
678 443 889 530 excogitata
926 443 1010 509 sint.
1065 442 1203 508 Narrat
1230 441 1325 508 enim

150 564 299 630 Tacitus
336 582 392 640 ea,
422 562 560 647 quibus
589 582 687 648 quae
715 562 830 649 refert
856 563 1080 630 Plutarchus
1107 562 1326 629 confirman-

150 688 221 761 tur,
252 682 425 768 quamvis
467 682 555 749 inde
594 688 676 749 orta
717 702 800 749 esse
836 688 1043 768 nequeant:
1086 682 1190 749 velut
1225 682 1243 748 Ι
1281 681 1327 746 24

151 802 292 870 Othoni
331 802 539 869 adiutorem
567 802 685 868 fuisse
712 802 899 868 Maevium
927 801 1135 868 Pudentem
1162 801 1328 887 eproct·

150 923 224 989 mis
249 922 439 1008 Tiyctttut‘.
481 921 556 988 Nec
576 922 699 987 minus
721 941 741 987 e
763 920 865 988 Suet.
887 920 930 988 G.
955 922 1002 988 16
1021 921 1187 1008 intellegi
1207 924 1329 1005 potest

150 1041 333 1120 tribunos,
363 1041 427 1126 qui
456 1061 477 1108 a
505 1041 632 1108 Tacito
662 1041 680 1107 I
708 1040 758 1107 20
786 1041 1035 1119 nominantur,
1062 1044 1226 1107 remotos
1247 1059 1327 1106 esse

150 1166 304 1247 propter
328 1161 546 1248 Nymphidii
570 1161 783 1240 amicitiam;
812 1161 870 1227 oui
893 1161 974 1227 loco
996 1161 1201 1245 respondet
1224 1151 1331 1254 ἀπερ-

150 1285 321 1372 ριμμένοι
364 1273 442 1349 τότε
457 1274 492 1365 ¹).
551 1281 685 1366 Itaque
725 1301 807 1347 cum
848 1281 1020 1368 Tigellini
1048 1286 1083 1347 et
1111 1279 1329 1367 Nymphidii

150 1401 287 1467 amicos
329 1401 377 1467 ad
419 1400 604 1468 Othonem
637 1419 677 1466 se
705 1400 905 1467 contulisse
942 1419 1102 1486 eumque
1129 1400 1331 1487 instigasse

149 1520 372 1586 Plutarchus
407 1520 508 1586 solus
537 1520 664 1597 addat,
694 1538 740 1585 ex
769 1519 841 1585 alio
869 1520 972 1586 fonte
999 1521 1069 1587 hoo
1096 1539 1180 1586 eum
1209 1539 1333 1606 sump-

150 1642 243 1706 sisse
271 1641 432 1706 tortasse
459 1639 740 1707 concedendum
760 1644 826 1716 est,
849 1640 1055 1724 etquidem
1075 1658 1197 1718 exeo,
1220 1659 1332 1724 quem

150 1779 266 1844 supra
296 1780 316 1826 a
345 1759 546 1826 Plutarcho
575 1760 621 1826 de
649 1758 877 1844 Nymphidio
906 1758 1113 1826 adhibitum
1142 1777 1227 1826 esse
1251 1779 1334 1826 con-

151 1884 235 1946 stat.
292 1879 422 1965 Neque
457 1880 550 1945 haec
578 1899 598 1945 a
626 1879 771 1963 reliqua
800 1878 989 1944 Plutarchi
1018 1879 1235 1945 narratione
1264 1879 1336 1946 dis·

150 1999 246 2065 solvi
274 2019 350 2085 non
378 2003 537 2083 possunt
551 1991 589 2083 2).

252 2116 291 2188 P.
326 2118 366 2186 G.
396 2138 424 2185 ο.
455 2120 517 2184 24.

194 2339 274 2396 1-5
306 2331 353 2399 Ἐν
368 2332 396 2397 δὲ
412 2329 525 2405 τούτοις
544 2328 716 2414 Οὐετωίριος
810 2335 824 2393 Ι
853 2337 892 2394 25
919 2336 1058 2394 δείλαιοι
1081 2355 1094 2394 e
1117 2335 1229 2394 libertis
1258 2338 1330 2398 Ono

149 2439 196 2503 καί
228 2433 369 2520 Βάρβιος,
392 2432 407 2500 o'
430 2433 480 2517 μὲν
509 2433 625 2512 ὀπτίων,
647 2430 663 2498 ὁ
685 2434 715 2498 δὲ
767 2445 893 2496 catastam
924 2439 1026 2513 futuro
1063 2438 1159 2498 sceleri
1183 2441 1337 2516 praefecit,

148 2536 349 2624 τεσσεράριος·
371 2535 448 2603 οὕτω
476 2536 536 2622 γάρ
559 2538 716 2601 καλοῦνται
766 2560 784 2598 α
811 2560 867 2616 quo
893 2541 1035 2599 Barbium
1062 2541 1221 2600 Proculum
1253 2549 1338 2602 tesse-

148 2643 175 2706 οἱ
197 2643 350 2724 διαγγέλων
372 2635 422 2704 καὶ
445 2634 602 2722 διοπτήρων
616 2633 716 2722 duppe·
766 2640 886 2702 rutr'ttnt
909 2644 1119 2719 putaueram
1135 2649 1161 2701 et
1178 2643 1336 2704 Veturium

149 2745 214 2815 σίας
235 2744 391 2813 τελοῦντες.
427 2738 504 2804 Μεθ’
529 2733 570 2803 οἷν
583 2737 715 2811 Ὄθωνος
767 2745 910 2820 optionem
922 2747 1074 2804 emundent
1080 2745 1244 2820 perductos,
1252 2753 1337 2822 post·

148 2841 348 2922 ἀπελεύθερος
368 2841 543 2922 Ὀνόμαστος
561 2842 715 2923 ἐπιφοιτῶν
767 2865 855 2922 quom
881 2848 961 2906 eurio
983 2866 1112 2906 sermone
1139 2846 1259 2906 callidos
1284 2868 1339 2907 au-

148 2945 216 3018 τοὺς
247 2943 298 3026 μὲν
325 2941 464 3027 α’ργορίῳ,
485 2939 551 3015 τοὺς
572 2943 602 3007 δὲ
624 2944 714 3008 ἐλπίσι
766 2950 901 3026 ducesque
930 2950 1068 3025 coyltooit,
1093 2950 1186 3024 pretio
1215 2956 1241 3008 et
1264 2969 1340 3026 pro·

149 3049 310 3128 διέφθειρεν
318 3046 341 3120 ³)
766 3053 868 3110 criseis
901 3058 1010 3121 onerat,
1041 3052 1109 3109 duta
1135 3052 1265 3126 pecualia
1301 3054 1341 3111 ad

761 3155 994 3230 pertemptandos
1013 3153 1146 3229 plurium
1168 3154 1302 3214 ονιινιοο.

192 3253 274 3308 5-6
308 3242 358 3330 ἤδη
389 3244 520 3331 σαθροὺς
549 3246 636 3321 ὄντας
667 3247 714 3312 καὶ
810 3257 824 3315 l
848 3258 887 3315 25
910 3274 1066 3331 suspensos
1087 3260 1243 3313 ceterorum
1269 3257 1339 3315 uni-

149 3349 297 3429 δεομίνονς
319 3347 506 3433 προφάσεως.
767 3378 839 3417 νιιοο,
864 3359 878 3416 Ι
891 3361 929 3417 26
942 3358 1044 3433 infecit
1055 3376 1087 3416 eo
1099 3357 1175 3414 tobes
1186 3356 1337 3432 teutonum

252 3612 274 3688 ¹)
306 3609 534 3695 Ἀπερριμμίνοι,
567 3616 647 3691 quod
683 3615 784 3688 Hardy
818 3615 894 3672 idem
930 3614 1095 3689 significare
1128 3617 1214 3688 putat
1241 3618 1336 3690 atque

149 3717 271 3791 Anglice
302 3718 537 3793 »disappointeo
571 3735 625 3776 seu
660 3718 764 3775 Latine
799 3736 860 3792 »spe
883 3717 1025 3791 obtectos,
1046 3716 1183 3793 equidem
1206 3714 1337 3790 retectos,

149 3820 206 3878 loco
236 3824 327 3877 motos
357 3821 505 3878 verterim.
550 3821 608 3879 cfr.
632 3820 664 3878 P.
688 3819 721 3878 G.
753 3821 792 3877 22
816 3813 944 3898 Ῥοῦφον·
968 3813 1178 3897 άπερριμμίνον
1205 3812 1333 3896 άτίμως;

149 3922 181 3979 P.
212 3921 296 3978 Brut.
322 3924 339 3978 3
363 3916 413 3983 τόν
436 3945 467 3982 τε
489 3922 628 3983 Κανίδιον
728 3916 844 3999 α’τίμως
874 3915 1086 3998 οἷπερριμμίνον
1114 3912 1169 3979 ὑπὸ
1191 3917 1243 3980 τοι]
1268 3925 1337 3982 Κα-

148 4043 252 4096 τωνος;
284 4023 365 4082 Suet.
389 4022 422 4082 G.
449 4026 486 4081 16
509 4043 664 4082 remoreris.

251 4143 274 4215 ²)
298 4143 405 4202 Lenius
429 4162 456 4218 p.
479 4145 520 4202 43
544 4161 587 4219 sq.
612 4144 649 4201 de
672 4145 727 4202 hoc
750 4145 813 4202 loco
837 4143 1000 4201 contortius
1024 4142 1165 4217 disputat.

251 4262 276 4333 ³)
300 4262 358 4321 Cir.
382 4263 465 4321 Suet.
489 4261 522 4321 Ο.
546 4266 573 4321 5.
