2978 4800
230 442 271 507 P.
307 440 349 508 G.
379 441 441 516 22,
471 446 547 499 1-2.

170 584 405 673 Καταλαμβάνω
428 588 452 650 δ’
474 580 561 650 αὐτὸν
576 584 616 648 ἔτι
632 585 695 662 pe'l·
789 585 805 642 Ι
831 587 869 644 12
893 587 1000 645 Peneis
1017 592 1085 662 post
1107 584 1243 643 kalendas
1263 582 1309 641 Ie-

128 699 216 756 loree
239 687 289 754 nei
311 684 515 774 βουλευόμενον
538 687 695 769 ἐκραγέντα
746 687 870 746 nuorr'as
891 688 991 746 diebus
1012 688 1133 762 Pompei
1147 685 1312 761 Propinqui

127 791 166 856 τα
189 787 372 874 Γερμανικά.
741 791 940 864 procuratoris
961 810 979 849 a
1001 790 1115 865 Belpiea
1137 789 1243 848 litterae
1260 788 1310 846 ad-

746 891 891 965 seruntur,
909 892 1069 967 superioris
1088 890 1262 950 Germaniae
1274 889 1311 947 le-

231 1003 271 1069 Ρ,
308 1002 350 1070 G,
380 971 442 1068 23,
745 993 845 1068 pianes
866 999 953 1069 rupte
967 992 1311 1053 sacrementireoerentie

334 1143 346 1166 θ
452 1145 460 1167 ,
526 1144 533 1165 ,
645 1142 654 1162 ,
746 1095 948 1170 imperatorem
988 1096 1082 1155 elium
1120 1095 1251 1170 stapitare
1287 1099 1311 1151 et

166 1151 253 1272 ‚152
302 1155 389 1266 OQ
427 1174 478 1262 mlv
515 1155 695 1269 ανηῖορωθη
747 1198 862 1256 senatui
887 1217 919 1256 oe
939 1198 1050 1274 populo
1080 1198 1212 1256 Romano
1234 1195 1311 1254 erbi-

131 1256 294 1322 Ουπδλλιος
331 1274 525 1331 “mummi
562 1275 591 1311 ὃν
624 1252 696 1329 Q
747 1301 838 1358 trium
861 1300 982 1376 elipenai
1000 1300 1173 1376 permittere,
1197 1317 1253 1374 quo
1268 1316 1309 1355 se-

647 1453 654 1473 ‚
687 1461 699 1474 ,
746 1403 817 1461 ditio
843 1402 962 1462 mollius
990 1402 1169 1477 eeeiperetur.
1216 1400 1311 1458 Metu·

172 1458 254 1513 2-3
300 1449 474 1533 Πυθόμενος
504 1449 534 1516 di
562 1445 611 1515 eir
640 1478 696 1517 εκει
804 1504 810 1514 .
1072 1504 1099 1515 ..

667 1551 674 1573 ,
746 1509 820 1562 roert
850 1523 883 1562 ee
915 1523 961 1562 res
995 1504 1151 1562 eonulrum
1196 1501 1310 1572 Galbae,

127 1553 316 1637 νεωτερισμὸν
338 1550 353 1618 ὁ
378 1549 501 1639 Γάλβας
528 1553 622 1619 οὐκέτι
644 1579 695 1635 eqo
746 1606 807 1664 iam
836 1606 953 1681 pridem
983 1606 1016 1664 de
1042 1606 1081 1664 ad
1117 1605 1192 1664 tione
1214 1622 1309 1662 seeum

129 1657 283 1737 εἰσποίησιν
303 1652 489 1739 ἀνεβάλλετο.
1080 1624 1115 1680 Op

746 1713 772 1766 et
793 1727 858 1766 ouen
876 1708 1025 1783 proximis
1046 1708 1192 1782 epitomis,
1232 1707 1245 1764 l
1271 1708 1309 1764 14

749 1810 807 1869 Sed
833 1811 924 1869 Gotho
947 1817 1016 1886 post
1042 1810 1162 1868 nuntios
1189 1809 1308 1866 Germe-

746 1913 826 1972 m'eee
847 1913 1006 1985 seditionis,
1035 1930 1212 1989 quemqnam
1236 1911 1312 1968 nibil

746 2015 838 2074 adime
858 2017 890 2074 de
912 2015 1022 2074 Vitellio
1044 2021 1151 2074 eertum
1175 2061 1181 2072 .
1207 2061 1213 2072 .
1238 2059 1244 2071 .
1266 2031 1310 2070 eo-

745 2118 832 2177 mitie
853 2119 973 2194 imperii
996 2119 1138 2193 treusipit.

129 1354 228 1435 μανία.

232 2341 351 2408 Galba
389 2343 721 2423 deliberabundus,
754 2345 875 2429 inquit
902 2344 1138 2423 Plutarchus,
1168 2363 1268 2410 noro
1284 2335 1309 2427 1)

129 2463 260 2527 nuntio
288 2462 522 2547 opprimitur,
559 2482 634 2547 quo
664 2463 905 2529 Germanicos
934 2463 1069 2529 milites
1097 2463 1221 2547 palam
1250 2463 1310 2529 de·

128 2581 260 2647 lesisse
299 2582 482 2663 adfertur;
522 2582 625 2648 euius
664 2582 717 2648 rei
756 2583 890 2649 certior
922 2583 1043 2649 faetus
1072 2583 1309 2667 adoptionem

129 2703 202 2767 iam
230 2721 305 2767 non
334 2703 595 2786 procrastinat.
674 2735 675 2738 ¹
1309 2789 1311 2792 Ι

233 2821 343 2886 Hune
378 2821 548 2887 nuntium
579 2822 626 2888 ad
655 2821 861 2906 superioris
890 2820 1114 2886 Germaniae
1142 2820 1310 2906 legiones

130 2947 308 3027 spectare,
345 2941 516 3008 kalendis
550 2941 736 3007 Ianuariis
764 2941 802 3006 in
831 2944 984 3007 senatus
1013 2959 1055 3006 ae
1082 2940 1211 3024 populi
1241 2940 1311 3006 Ro·

129 3063 229 3127 inani
258 3061 376 3127 verba
405 3062 559 3140 iuratas,
592 3081 611 3125 e
640 3061 766 3127 Tacito
795 3060 1034 3146 intellegitur.

233 3181 273 3245 P.
318 3180 361 3247 G.
400 3182 446 3246 22
485 3182 577 3260 init,
614 3200 690 3247 non
729 3179 770 3247 G.
812 3180 869 3258 19,
898 3191 977 3248 1-3
1013 3198 1096 3246 oum
1133 3179 1171 3244 Τ.
1208 3179 1224 3244 Ι
1263 3179 1308 3244 12

130 3298 428 3382 componendum
463 3305 529 3366 est.
586 3301 630 3366 In
659 3299 702 3367 G.
734 3300 794 3378 23,
821 3311 900 3367 1-3
926 3299 1150 3365 Plutarchus
1188 3317 1310 3364 rever-

131 3418 220 3485 titur
262 3418 308 3483 ad
347 3418 408 3496 22,
440 3430 517 3485 1-2
555 3419 648 3485 siout
689 3419 784 3485 Hist.
824 3420 840 3485 I
881 3421 929 3484 14
966 3418 1044 3484 init.
1082 3419 1226 3503 quael
1263 3420 1309 3484 12

129 3538 207 3604 init.
247 3537 345 3602 dicta
382 3545 489 3604 erant
524 3539 718 3605 iterantur.
774 3539 976 3604 Praeterea
1012 3543 1224 3623 congruunt
1258 3541 1311 3607 ἔτι

129 3656 310 3746 μέλλοντα
339 3655 400 3724 καὶ
428 3650 697 3749 βουλευόμενον
725 3677 806 3724 cum
835 3659 916 3723 iam
938 3656 1092 3743 pridem
1122 3657 1168 3723 de
1195 3657 1312 3742 adop-

130 3777 230 3843 tione
257 3796 383 3844 seeum
411 3780 444 3842 ot
472 3797 556 3843 eum
580 3778 769 3863 proeimis
797 3777 996 3863 epitomis,
1027 3783 1063 3843 et
1092 3767 1312 3866 πυθόμενος

132 3947 138 3958 .
172 3947 177 3958 .
210 3947 216 3960 .
247 3888 266 3963 ὁ
298 3888 442 3985 Γάλβας
478 3887 602 3966 οὐκέτι
639 3887 705 3992 τὴν
742 3896 952 3991 εἰσποίησιν
989 3887 1199 3984 dreddlleeo
1229 3914 1310 3960 aum

232 4164 254 4240 ¹)
287 4165 354 4224 Non
386 4167 489 4226 eodem
523 4177 613 4242 atque
646 4165 680 4224 G.
717 4167 765 4242 19,
800 4178 884 4240 1-3;
922 4166 974 4224 eir.
1003 4183 1031 4240 p.
1058 4165 1116 4222 148
1147 4164 1214 4220 adn.
1239 4165 1257 4221 3
1282 4170 1312 4221 et

130 4286 158 4343 p.
189 4270 237 4326 21.
